@misc{ActivePerl,
	title = "{ActivePerl}",
	howpublished = "http://www.activeperl.com",
}

@misc{gnuplot,
	title = "{gnuplot}",
	howpublished = "http://www.gnuplot.org",
}
