@article{Dartigalongue:06:273,
   author      = {Thibault Dartigalongue and Fran{\c c}ois Hache},
   journal     = {Chirality},
   title       = {Time-Resolved Circular Dichroism in Carbonmonoxy-Myoglobin: The Central Role of the Proximal Histidine},
   pages       = {273--278},
   volume      = {18},
   year        = {2006},
   local-url   = {file://localhost/Volumes/Home/benb/Data/Papers/Chirality/Chirality\%202006,\%2018,\%20273-278.pdf},
}


@article{Mandel:73:655,
   author      = {R Mandel and G Holzwarth},
   journal     = {Biopolymers},
   title       = {Ultraviolet Circular Dichroism of Polyproline and Oriented Collagen},
   pages       = {655--674},
   volume      = {12},
   year        = {1973},
   local-url   = {file://localhost/Volumes/Home/benb/Data/Papers/Biopolymers/Biopolymers\%201973,\%2012,\%20655-674.pdf},
}


@article{Esbjorner:07:645,
   author      = {Elin K Esbj{\"o}rner and C E B Caesar and Bo Albinsson and Per Lincoln and Bengt Nord{\'e}n},
   journal     = {Biochem. Biophys. Res. Commun.},
   title       = {Tryptophan Orientation in Model Lipid Membranes},
   number      = {3},
   pages       = {645--650},
   volume      = {361},
   year        = {2007},
   local-url   = {file://localhost/Volumes/Home/benb/Data/Papers/Biochemical\%20and\%20Biophysical\%20Research\%20Communication.../Biochemical\%20and\%20Biophysical\%20Research\%20Communications\%202007,\%20361,\%20645-650.pdf},
}


@article{Ritze:07:1672,
   author      = {Hans-Hermann Ritze and P Hobza and Dana Nachtigallov{\'a}},
   journal     = {Phys. Chem. Chem. Phys.},
   title       = {Electronic coupling in the excited electronic state of stacked DNA base homodimers},
   pages       = {1672--1675},
   volume      = {9},
   year        = {2007},
   local-url   = {file://localhost/Volumes/Home/benb/Data/Papers/Physical\%20Chemistry\%20Chemical\%20Physics/Physical\%20Chemistry\%20Chemical\%20Physics\%202007,\%209,\%201672-1675.pdf},
}


@article{Hirst:96:13487,
   author      = {Jonathan D Hirst and David M Hirst and Brooks, III, Charles L},
   journal     = {J. Phys. Chem.},
   title       = {\emph{Ab Initio} Calculations of the Excited States of Formamide},
   number      = {32},
   pages       = {13487--13491},
   volume      = {100},
   year        = {1996},
   local-url   = {file://localhost/Volumes/Home/benb/Data/Papers/Journal\%20of\%20Physical\%20Chemistry/Journal\%20of\%20Physical\%20Chemistry\%201996,\%20100,\%2013487-13491.pdf},
}


@article{Troxell:71:519,
   author      = {T Troxell and H A Scheraga},
   journal     = {Macromolecules},
   title       = {Electric Dichroism and Polymer Conformation. I. Theory of Optical Properties of Anisotropic Media, and Method of Measurement},
   number      = {5},
   pages       = {519--527},
   volume      = {4},
   year        = {1971},
   local-url   = {file://localhost/Volumes/Home/benb/Data/Papers/Macromolecules/Macromolecules\%201971,\%204,\%20519-527.pdf},
}


@book{Davydov:71,
   author      = {Aleksandr Sergeevich Davydov},
   publisher   = {Springer},
   title       = {Theory of Molecular Excitations},
   address     = {Berlin},
   year        = {1971},
}


@article{Chen:04:11175,
   author      = {Eefei Chen and Robert A Goldbeck and David S Kliger},
   journal     = {J. Am. Chem. Soc.},
   title       = {The Earliest Events in Protein Folding: A Structural Requirement for Ultrafast Folding in Cytochrome~\emph{c}},
   number      = {36},
   pages       = {11175--11181},
   volume      = {126},
   year        = {2004},
   local-url   = {file://localhost/Volumes/Home/benb/Data/Papers/Journal\%20of\%20the\%20American\%20Chemical\%20Society/Journal\%20of\%20the\%20American\%20Chemical\%20Society\%202004,\%20126,\%2011175-11181.pdf},
}


@article{Bhattacharjee:03:8682,
   author      = {Samita Bhattacharjee and G T{\'o}th and S{\'a}ndor Lovas and Jonathan D Hirst},
   journal     = {J. Phys. Chem. B},
   title       = {Influence of Tyrosine on the Electronic Circular Dichroism of Helical Peptides},
   number      = {33},
   pages       = {8682--8688},
   volume      = {107},
   year        = {2003},
   local-url   = {file://localhost/Volumes/Home/benb/Data/Papers/Journal\%20of\%20Physical\%20Chemistry\%20B/Journal\%20of\%20Physical\%20Chemistry\%20B\%202003,\%20107,\%208682-8688.pdf},
}


@article{Hirst:91:615,
   author      = {Jonathan D Hirst and Michael J E Sternberg},
   journal     = {Protein Eng.},
   title       = {Prediction of ATP-Binding Motifs: A Comparison of a Perceptron-Type Neural Network and a Consensus Sequence Method},
   number      = {6},
   pages       = {615--623},
   volume      = {4},
   year        = {1991},
   local-url   = {file://localhost/Volumes/Home/benb/Data/Papers/Protein\%20Engineering/Protein\%20Engineering\%201991,\%204,\%20615-623.pdf},
}


@article{Bernhardsson:96:141,
   author      = {A Bernhardsson and R Lindh and Gunnar Karlstr{\"o}m and Bj{\"o}rn O Roos},
   journal     = {Chem. Phys. Lett.},
   title       = {Direct Self-Consistent Reaction Field with Pauli Repulsion: Solvation Effects on Methylene Peroxide},
   number      = {3-4},
   pages       = {141--149},
   volume      = {251},
   year        = {1996},
   local-url   = {file://localhost/Volumes/Home/benb/Data/Papers/Chemical\%20Physics\%20Letters/Chemical\%20Physics\%20Letters\%201996,\%20251,\%20141-149.pdf},
}


@article{Besley:00:12371,
   author      = {Nicholas A Besley and Marie-Jos{\`e}phe Brienne and Jonathan D Hirst},
   journal     = {J. Phys. Chem. B},
   title       = {Electronic Structure of a Rigid Cyclic Diamide},
   number      = {51},
   pages       = {12371--12377},
   volume      = {104},
   year        = {2000},
   local-url   = {file://localhost/Volumes/Home/benb/Data/Papers/Journal\%20of\%20Physical\%20Chemistry\%20B/Journal\%20of\%20Physical\%20Chemistry\%20B\%202000,\%20104,\%2012371-12377.pdf},
}


@article{Nafie:79:296,
   author      = {Laurence A Nafie and Max Diem},
   journal     = {Acc. Chem. Res.},
   title       = {Optical Activity in Vibrational Transitions: Vibrational Circular Dichroism and Raman Optical Activity},
   number      = {8},
   pages       = {296--302},
   volume      = {12},
   year        = {1979},
   local-url   = {file://localhost/Volumes/Home/benb/Data/Papers/Accounts\%20of\%20Chemical\%20Research/Accounts\%20of\%20Chemical\%20Research\%201979,\%2012,\%20296-302.pdf},
}


@article{Lilley:95:7140,
   author      = {D M J Lilley},
   journal     = {Proc. Natl. Acad. Sci. U. S. A.},
   title       = {Kinking of DNA and RNA by Base Bulges},
   number      = {16},
   pages       = {7140--7142},
   volume      = {92},
   year        = {1995},
   local-url   = {file://localhost/Volumes/Home/benb/Data/Papers/Proceedings\%20of\%20the\%20National\%20Academy\%20of\%20Sciences\%20of.../Proceedings\%20of\%20the\%20National\%20Academy\%20of\%20Sciences\%20of\%20the\%20United\%20States\%20of\%20America\%201995,\%2092,\%207140-7142.pdf},
}


@article{Besley:99:9636,
   author      = {Nicholas A Besley and Jonathan D Hirst},
   journal     = {J. Am. Chem. Soc.},
   title       = {Theoretical Studies toward Quantitative Protein Circular Dichroism Calculations},
   number      = {41},
   pages       = {9636--9644},
   volume      = {121},
   year        = {1999},
   local-url   = {file://localhost/Volumes/Home/benb/Data/Papers/Journal\%20of\%20the\%20American\%20Chemical\%20Society/Journal\%20of\%20the\%20American\%20Chemical\%20Society\%201999,\%20121,\%209636-9644.pdf},
}


@article{Wurthner:02:4742,
   author      = {F W{\"u}rthner and S Ahmed and C Thalacker and T Debaerdemaeker},
   journal     = {Chem. Eur. J.},
   title       = {Core-Substituted Naphthalene Bisimides: New Fluorophors with Tunable Emission Wavelength for FRET Studies},
   number      = {20},
   pages       = {4742--4750},
   volume      = {8},
   year        = {2002},
   local-url   = {file://localhost/Volumes/Home/benb/Data/Papers/Chemistry\%20-\%20A\%20European\%20Journal/Chemistry\%20-\%20A\%20European\%20Journal\%202002,\%208,\%204742-4750.pdf},
}


@article{Nitanai:07:137,
   author      = {Yasushi Nitanai and Shiho Minakata and Kayo Maeda and Naoko Oda and Y Ma{\'e}da},
   journal     = {Adv. Exp. Med. Biol.},
   title       = {Crystal Structures of Tropomyosin: Flexible Coiled-Coil},
   pages       = {137--151},
   volume      = {592},
   year        = {2007},
   local-url   = {file://localhost/Volumes/Home/benb/Data/Papers/Advances\%20in\%20Experimental\%20Medicine\%20and\%20Biology/Advances\%20in\%20Experimental\%20Medicine\%20and\%20Biology\%202007,\%20592,\%20137-151.pdf},
}


@article{Govil:67:449,
   author      = {G Govil and D H Whiffen},
   journal     = {Mol. Phys.},
   title       = {Computer Programmes for High Resolution NMR Calculation of Double Resonance Spectra},
   number      = {5},
   pages       = {449--456},
   volume      = {12},
   year        = {1967},
}


@article{Onufriev:03:555,
   author      = {Alexey V Onufriev and D A Case and D Bashford},
   journal     = {J. Mol. Biol.},
   title       = {Structural details, pathways, and energetics of unfolding apomyoglobin},
   number      = {3},
   pages       = {555--567},
   volume      = {325},
   year        = {2003},
   local-url   = {file://localhost/Volumes/Home/benb/Data/Papers/Journal\%20of\%20Molecular\%20Biology/Journal\%20of\%20Molecular\%20Biology\%202003,\%20325,\%20555-567.pdf},
}


@article{Woody:93:529,
   author      = {R Woody},
   journal     = {Tetrahedron: Asymmetry},
   title       = {The Circular Dichroism of Oriented $\beta$ Sheets: Theoretical Predictions},
   pages       = {529--544},
   volume      = {4},
   year        = {1993},
   local-url   = {file://localhost/Volumes/Home/benb/Data/Papers/Tetrahedron\%20Asymmetry/Tetrahedron\%20Asymmetry\%201993,\%204,\%20529-544.pdf},
}


@article{LeBel:74:337,
   author      = {Joseph Achille LeBel},
   journal     = {Bull. Soc. Chim. Fr.},
   title       = {On the Relations Which Exist Between the Atomic Formulas of Organic Compounds and the Rotatory Power of Their Solutions},
   pages       = {337--347},
   volume      = {22},
   year        = {1874},
   local-url   = {file://localhost/Volumes/Home/benb/Data/Papers/Bulletin\%20de\%20la\%20Societe\%20Chimique\%20de\%20France/Bulletin\%20de\%20la\%20Societe\%20Chimique\%20de\%20France\%201874,\%2022,\%20337-347.pdf},
}


@article{Chen:72:4120,
   author      = {Y.-H Chen and J T Yang and H M Martinez},
   journal     = {Biochemistry},
   title       = {Determination of the Secondary Structures of Proteins by Circular Dichroism and Optical Rotatory Dispersion},
   number      = {22},
   pages       = {4120--4131},
   volume      = {11},
   year        = {1972},
   local-url   = {file://localhost/Volumes/Home/benb/Data/Papers/Biochemistry/Biochemistry\%201972,\%2011,\%204120-4131.pdf},
}


@article{Keiderling:81:189,
   author      = {T A Keiderling},
   journal     = {Appl. Spectrosc. Rev.},
   title       = {Vibrational Circular Dichroism},
   number      = {2},
   pages       = {189--226},
   volume      = {17},
   year        = {1981},
}


@article{Widmark:91:419,
   author      = {Per-Olof Widmark and B Joakim Persson and Bj{\"o}rn O Roos},
   journal     = {Theor. Chim. Acta},
   title       = {Density-Matrix Averaged Atomic Natural Orbital (ANO) Basis-Sets for Correlated Molecular Wave-Functions 2. 2nd Row Atoms},
   number      = {6},
   pages       = {419--432},
   volume      = {79},
   year        = {1991},
   local-url   = {file://localhost/Volumes/Home/benb/Data/Papers/Theoretica\%20Chimica\%20Acta/Theoretica\%20Chimica\%20Acta\%201991,\%2079,\%20419-432.pdf},
}


@article{Sathyanarayana:85:518,
   author      = {B K Sathyanarayana and Jon Applequist},
   journal     = {Int. J. Pept. Protein Res.},
   title       = {Theoretical $\pi\pi^*$ Absorption and Circular Dichroic Spectra of Cyclic Dipeptides},
   number      = {5},
   pages       = {518--527},
   volume      = {26},
   year        = {1985},
}


@book{Rodger:97,
   author      = {Alison Rodger and Bengt Nord{\'e}n},
   publisher   = {Oxford University Press},
   title       = {Circular Dichroism and Linear Dichroism},
   edition     = {1},
   address     = {Oxford},
   year        = {1997},
   local-url   = {file://localhost/Volumes/Home/benb/Data/Papers/Oxford\%20University\%20Press/Oxford\%20University\%20Press\%201997,\%20Oxford.pdf},
}


@article{Lakshminarayanan:70:49,
   author      = {A V Lakshminarayanan and V Sasisekharan},
   journal     = {Biochim. Biophys. Acta},
   title       = {Stereochemistry of Nucleic Acids and Polynucleotides. II. Allowed Conformations of the Monomer Unit for Different Ribose Puckerings},
   number      = {1},
   pages       = {49--59},
   volume      = {204},
   year        = {1970},
   local-url   = {file://localhost/Volumes/Home/benb/Data/Papers/Biochimica\%20et\%20Biophysica\%20Acta\%20(BBA)\%20-\%20Nucleic\%20Acid.../Biochimica\%20et\%20Biophysica\%20Acta\%20(BBA)\%20-\%20Nucleic\%20Acids\%20and\%20Protein\%20Synthesis\%201970,\%20204,\%2049-59.pdf},
}


@article{Bulheller:08:1866,
   author      = {Benjamin M Bulheller and Andrew J Miles and Bonnie A Wallace and Jonathan D Hirst},
   journal     = {J. Phys. Chem. B},
   title       = {Charge-Transfer Transitions in the Vacuum-Ultraviolet of Protein Circular Dichroism Spectra},
   number      = {6},
   pages       = {1866--1874},
   volume      = {112},
   year        = {2008},
   local-url   = {file://localhost/Volumes/Home/benb/Data/Papers/Journal\%20of\%20Physical\%20Chemistry\%20B/Journal\%20of\%20Physical\%20Chemistry\%20B\%202008,\%20112,\%201866-1874.pdf},
}


@article{Besley:04:13502,
   author      = {Nicholas A Besley and Mark T Oakley and Alexander J Cowan and Jonathan D Hirst},
   journal     = {J. Am. Chem. Soc.},
   title       = {A Sequential Molecular Mechanics/Quantum Mechanics Study of the Electronic Spectra of Amides},
   number      = {41},
   pages       = {13502--13511},
   volume      = {126},
   year        = {2004},
   local-url   = {file://localhost/Volumes/Home/benb/Data/Papers/Journal\%20of\%20the\%20American\%20Chemical\%20Society/Journal\%20of\%20the\%20American\%20Chemical\%20Society\%202004,\%20126,\%2013502-13511.pdf},
}


@article{Woody:68:4797,
   author      = {Robert W Woody},
   journal     = {J. Chem. Phys.},
   title       = {Improved Calculation of the $n\pi^*$ Rotational Strength in Polypeptides},
   number      = {11},
   pages       = {4797--4806},
   volume      = {49},
   year        = {1968},
   local-url   = {file://localhost/Volumes/Home/benb/Data/Papers/Journal\%20of\%20Chemical\%20Physics/Journal\%20of\%20Chemical\%20Physics\%201968,\%2049,\%204797-4806.pdf},
}


@article{Mallock:88:126,
   author      = {A Mallock},
   journal     = {Proc. R. Soc. London},
   title       = {Determination of the Viscosity of Water},
   pages       = {126--132},
   volume      = {45},
   year        = {1888},
   local-url   = {file://localhost/Volumes/Home/benb/Data/Papers/Proceedings\%20of\%20the\%20Royal\%20Society\%20of\%20London/Proceedings\%20of\%20the\%20Royal\%20Society\%20of\%20London\%201888,\%2045,\%20126-132.pdf},
}


@book{Fasman:96,
   author      = {Gerald D Fasman},
   publisher   = {Springer},
   title       = {Circular Dichroism and the Conformational Analysis of Biomolecules},
   address     = {Berlin},
   year        = {1996},
}


@article{Craig:04:1466,
   author      = {Robertson Craig and Ronald C Beavis},
   journal     = {Bioinformatics},
   title       = {TANDEM: Matching Proteins with Tandem Mass Spectra},
   number      = {9},
   pages       = {1466--1467},
   volume      = {20},
   year        = {2004},
   local-url   = {file://localhost/Volumes/Home/benb/Data/Papers/Bioinformatics/Bioinformatics\%202004,\%2020,\%201466-1467.pdf},
}


@article{Kokke:73:7159,
   author      = {W Kokke and L Oosterhoff},
   journal     = {J. Am. Chem. Soc.},
   title       = {Optical activity due to isotopic substitution. Circular dichroism of (1-R)-[1-2H]-$\alpha$-fenchocamphoronequinone },
   number      = {21},
   pages       = {7159--7160},
   volume      = {95},
   year        = {1973},
   local-url   = {file://localhost/Volumes/Home/benb/Data/Papers/Journal\%20of\%20the\%20American\%20Chemical\%20Society/Journal\%20of\%20the\%20American\%20Chemical\%20Society\%201973,\%2095,\%207159-7160.pdf},
}


@article{Xi:06:1185,
   author      = {Zhen Xi and Di Ouyang and Hong-Tao Mu},
   journal     = {Bioorg. Med. Chem. Lett.},
   title       = {Interaction of Bulged DNA with Leucine-Containing Mimics of NCS-Chrom},
   number      = {5},
   pages       = {1185--1190},
   volume      = {16},
   year        = {2006},
   local-url   = {file://localhost/Volumes/Home/benb/Data/Papers/Bioorganic\%20&\%20Medicinal\%20Chemistry\%20Letters/Bioorganic\%20&\%20Medicinal\%20Chemistry\%20Letters\%202006,\%2016,\%201185-1190.pdf},
}


@article{Karlstrom:89:4952,
   author      = {Gunnar Karlstr{\"o}m},
   journal     = {J. Phys. Chem.},
   title       = {Electronic Structure of HF$^-$ and HCl$^-$ in Condensed Phases Studied by a CASSCF Dielectric Cavity Model},
   number      = {12},
   pages       = {4952--4955},
   volume      = {93},
   year        = {1989},
   local-url   = {file://localhost/Volumes/Home/benb/Data/Papers/Journal\%20of\%20Physical\%20Chemistry/Journal\%20of\%20Physical\%20Chemistry\%201989,\%2093,\%204952-4955.pdf},
}


@article{Horne:05:1137,
   author      = {W Seth Horne and Nurit Ashkenasy and M Reza Ghadiri},
   journal     = {Chem. Eur. J.},
   title       = {Modulating charge transfer through cyclic D,L-$\alpha$-peptide self-assembly},
   number      = {4},
   pages       = {1137--1144},
   volume      = {11},
   year        = {2005},
   local-url   = {file://localhost/Volumes/Home/benb/Data/Papers/Chemistry\%20-\%20A\%20European\%20Journal/Chemistry\%20-\%20A\%20European\%20Journal\%202005,\%2011,\%201137-1144.pdf},
}


@article{Plaxco:96:630,
   author      = {K W Plaxco and C M Dobson},
   journal     = {Curr. Opin. Struct. Biol.},
   title       = {Time-Resolved Biophysical Methods in the Study of Protein Folding},
   number      = {5},
   pages       = {630--636},
   volume      = {6},
   year        = {1996},
   local-url   = {file://localhost/Volumes/Home/benb/Data/Papers/Current\%20Opinion\%20in\%20Structural\%20Biology/Current\%20Opinion\%20in\%20Structural\%20Biology\%201996,\%206,\%20630-636.pdf},
}


@article{Eker:02:14330,
   author      = {F Eker and X L Cao and Laurence A Nafie and R Schweitzer-Stenner},
   journal     = {J. Am. Chem. Soc.},
   title       = {Tripeptides adopt stable structures in water. A combined polarized visible Raman, FTIR, and VCD spectroscopy study},
   number      = {48},
   pages       = {14330--14341},
   volume      = {124},
   year        = {2002},
   local-url   = {file://localhost/Volumes/Home/benb/Data/Papers/Journal\%20of\%20the\%20American\%20Chemical\%20Society/Journal\%20of\%20the\%20American\%20Chemical\%20Society\%202002,\%20124,\%2014330-14341.pdf},
}


@article{Applequist:81:387,
   author      = {Jon Applequist},
   journal     = {Biopolymers},
   title       = {Theoretical $\pi\pi^*$ Circular Dichroic Spectra of Helical Poly(Glycine) and Poly(L-Alanine) as Functions of Backbone Torsion Angles},
   number      = {2},
   pages       = {387--397},
   volume      = {20},
   year        = {1981},
   local-url   = {file://localhost/Volumes/Home/benb/Data/Papers/Biopolymers/Biopolymers\%201981,\%2020,\%20387-397.pdf},
}


@article{Dafforn:04:541,
   author      = {Timothy R Dafforn and Alison Rodger},
   journal     = {Curr. Opin. Struct. Biol.},
   title       = {Linear Dichroism of Biomolecules: Which Way is Up?},
   number      = {5},
   pages       = {541--546},
   volume      = {14},
   year        = {2004},
   local-url   = {file://localhost/Volumes/Home/benb/Data/Papers/Current\%20Opinion\%20in\%20Structural\%20Biology/Current\%20Opinion\%20in\%20Structural\%20Biology\%202004,\%2014,\%20541-546.pdf},
}


@article{Wallace:01:567,
   author      = {Bonnie A Wallace and Robert W Janes},
   journal     = {Curr. Opin. Chem. Biol.},
   title       = {Synchrotron Radiation Circular Dichroism Spectroscopy of Proteins: Secondary Structure, Fold Recognition and Structural Genomics},
   number      = {5},
   pages       = {567--571},
   volume      = {5},
   year        = {2001},
   local-url   = {file://localhost/Volumes/Home/benb/Data/Papers/Current\%20Opinion\%20in\%20Chemical\%20Biology/Current\%20Opinion\%20in\%20Chemical\%20Biology\%202001,\%205,\%20567-571.pdf},
}


@article{Lorentzon:95:9265,
   author      = {J Lorentzon and Markus P F{\"u}lscher and Bj{\"o}rn O Roos},
   journal     = {J. Am. Chem. Soc.},
   title       = {Theoretical Study of the Electronic Spectra of Uracil and Thymine},
   number      = {36},
   pages       = {9265--9273},
   volume      = {117},
   year        = {1995},
   local-url   = {file://localhost/Volumes/Home/benb/Data/Papers/Journal\%20of\%20the\%20American\%20Chemical\%20Society/Journal\%20of\%20the\%20American\%20Chemical\%20Society\%201995,\%20117,\%209265-9273.pdf},
}


@article{Bichoutskaia:06:131,
   author      = {E Bichoutskaia and M I Heggie and Y E Lozovik and A M Popov},
   journal     = {Fullerenes},
   title       = {Multi-Walled Nanotubes: Commensurate-Incommensurate Phase Transition and NEMS Applications},
   number      = {2+3},
   pages       = {131--140},
   volume      = {14},
   year        = {2006},
   local-url   = {file://localhost/Volumes/Home/benb/Data/Papers/Fullerenes/Fullerenes\%202006,\%2014,\%20131-140.pdf},
}


@article{Couette:90:433,
   author      = {Maurice Couette},
   journal     = {Ann. Chim. Phys.},
   title       = {{\'E}tudes sur le frottement des liquides},
   number      = {21},
   pages       = {433--510},
   volume      = {6},
   year        = {1890},
}


@article{Pople:67:2026,
   author      = {John A Pople and D L Beveridge and P A Dobosh},
   journal     = {J. Chem. Phys.},
   title       = {Approximate Self-Consistent Molecular-Orbital Theory. 5. Intermediate Neglect of Differential Overlap},
   number      = {6},
   pages       = {2026--2033},
   volume      = {47},
   year        = {1967},
   local-url   = {file://localhost/Volumes/Home/benb/Data/Papers/Journal\%20of\%20Chemical\%20Physics/Journal\%20of\%20Chemical\%20Physics\%201967,\%2047,\%202026-2033.pdf},
}


@article{Bhosale:08:331,
   author      = {S V Bhosale and C H Jani and S J Langford},
   journal     = {Chem. Soc. Rev.},
   title       = {Chemistry of Naphthalene Diimides},
   pages       = {331--342},
   volume      = {37},
   year        = {2008},
   local-url   = {file://localhost/Volumes/Home/benb/Data/Papers/Chemical\%20Society\%20Reviews/Chemical\%20Society\%20Reviews\%202008,\%2037,\%20331-342.pdf},
}


@article{Merutka:95:14,
   author      = {G Merutka and H J Dyson and P E Wright},
   journal     = {J. Biomol. NMR},
   title       = {Random Coil 1H Chemical-Shifts Obtained as a Function of Temperature and Trifluoroethanol Concentration for the Peptide Series GGXGG},
   number      = {1},
   pages       = {14--24},
   volume      = {5},
   year        = {1995},
}


@article{Karlstrom:88:1315,
   author      = {Gunnar Karlstr{\"o}m},
   journal     = {J. Phys. Chem.},
   title       = {A New Approach to the Modeling of Dielectric Media Effects in \emph{Ab Initio} Quantum Chemical Calculations},
   number      = {5},
   pages       = {1315--1318},
   volume      = {92},
   year        = {1988},
   local-url   = {file://localhost/Volumes/Home/benb/Data/Papers/Journal\%20of\%20Physical\%20Chemistry/Journal\%20of\%20Physical\%20Chemistry\%201988,\%2092,\%201315-1318.pdf},
}


@article{Fulscher:95:2089,
   author      = {Markus P F{\"u}lscher and Bj{\"o}rn O Roos},
   journal     = {J. Am. Chem. Soc.},
   title       = {Theoretical Study of the Electronic Spectrum of Cytosine},
   number      = {7},
   pages       = {2089--2095},
   volume      = {117},
   year        = {1995},
   local-url   = {file://localhost/Volumes/Home/benb/Data/Papers/Journal\%20of\%20the\%20American\%20Chemical\%20Society/Journal\%20of\%20the\%20American\%20Chemical\%20Society\%201995,\%20117,\%202089-2095.pdf},
}


@article{Oakley:06:340,
   author      = {Mark T Oakley and Benjamin M Bulheller and Jonathan D Hirst},
   journal     = {Chirality},
   title       = {First-Principles Calculations of Protein Circular Dichroism in the Far-Ultraviolet and Beyond},
   number      = {5},
   pages       = {340--347},
   volume      = {18},
   year        = {2006},
   local-url   = {file://localhost/Volumes/Home/benb/Data/Papers/Chirality/Chirality\%202006,\%2018,\%20340-347.pdf},
}


@article{Petke:90:5452,
   author      = {James D Petke and Gerald M Maggiora and Ralph E Christoffersen},
   journal     = {J. Am. Chem. Soc.},
   title       = {\emph{Ab Initio} Configuration Interaction and Random Phase Approximation Calculations of the Excited Singlet and Triplet States of Adenine and Guanine},
   number      = {14},
   pages       = {5452--5460},
   volume      = {112},
   year        = {1990},
   local-url   = {file://localhost/Volumes/Home/benb/Data/Papers/Journal\%20of\%20the\%20American\%20Chemical\%20Society/Journal\%20of\%20the\%20American\%20Chemical\%20Society\%201990,\%20112,\%205452-5460.pdf},
}


@article{Troxell:69:913,
   author      = {T Troxell and H A Scheraga},
   journal     = {Biochem. Biophys. Res. Commun.},
   title       = {Use of Electric Dichroism to Study Polymer Conformation},
   number      = {6},
   pages       = {913--119},
   volume      = {35},
   year        = {1969},
   local-url   = {file://localhost/Volumes/Home/benb/Data/Papers/Biochemical\%20and\%20Biophysical\%20Research\%20Communication.../Biochemical\%20and\%20Biophysical\%20Research\%20Communications\%201969,\%2035,\%20913-119.pdf},
}


@article{Bode:97:2144,
   author      = {Kimberly A Bode and Jon Applequist},
   journal     = {Macromolecules},
   title       = {Poly($\beta$-Amino Acid) Helices. Theoretical $\pi\pi^*$ absorption and Circular Dichroic Spectra},
   number      = {7},
   pages       = {2144--2150},
   volume      = {30},
   year        = {1997},
   local-url   = {file://localhost/Volumes/Home/benb/Data/Papers/Macromolecules/Macromolecules\%201997,\%2030,\%202144-2150.pdf},
}


@article{Wallace:04:237,
   author      = {Bonnie A Wallace and F Wien and Andrew J Miles and Jonathan G Lees and S V Hoffmann and P Evans and G J Wistow and C Slingsby},
   journal     = {Faraday Discuss.},
   title       = {Biomedical applications of synchrotron radiation circular dichroism spectroscopy: Identification of mutant proteins associated with disease and development of a reference database for fold motifs},
   pages       = {237--243},
   volume      = {126},
   year        = {2004},
   local-url   = {file://localhost/Volumes/Home/benb/Data/Papers/Faraday\%20Discussions/Faraday\%20Discussions\%202004,\%20126,\%20237-243.pdf},
}


@article{Wang:08:5930,
   author      = {J Wang and W Zhuang and Shaul Mukamel and Robin Hochstrasser},
   journal     = {J. Phys. Chem. B},
   title       = {Two-Dimensional Infrared Spectroscopy as a Probe of the Solvent Electrostatic Field for a Twelve Residue Peptide},
   number      = {19},
   pages       = {5930--5937},
   volume      = {112},
   year        = {2008},
   local-url   = {file://localhost/Volumes/Home/benb/Data/Papers/Journal\%20of\%20Physical\%20Chemistry\%20B/Journal\%20of\%20Physical\%20Chemistry\%20B\%202008,\%20112,\%205930-5937.pdf},
}


@article{Wallimann:99:1290,
   author      = {P Wallimann and R J Kennedy and D S Kemp},
   journal     = {Angew. Chem. Int. Ed.},
   title       = {Large Circular Dichroism Ellipticities for \emph{N}-Templated Helical Polypeptides Are Inconsistent with Currently Accepted Helicity Algorithms},
   number      = {9},
   pages       = {1290--1292},
   volume      = {38},
   year        = {1999},
   local-url   = {file://localhost/Volumes/Home/benb/Data/Papers/Angew.\%20Chem.\%20Int.\%20Ed./Angew.\%20Chem.\%20Int.\%20Ed.\%201999,\%2038,\%201290-1292.pdf},
}


@article{Manavalan:87:76,
   author      = {P Manavalan and Johnson, Jr., W C},
   journal     = {Anal. Biochem.},
   title       = {Variable Selection Method Improves the Prediction of Protein Secondary Structure from Circular Dichroism Spectra},
   number      = {1},
   pages       = {76--85},
   volume      = {167},
   year        = {1987},
   local-url   = {file://localhost/Volumes/Home/benb/Data/Papers/Analytical\%20Biochemistry/Analytical\%20Biochemistry\%201987,\%20167,\%2076-85.pdf},
}


@article{Lees:02:121,
   author      = {Jonathan G Lees and Bonnie A Wallace},
   journal     = {Spectrosc. - Int. J.},
   title       = {Synchrotron Radiation Circular Dichroism and Conventional Circular Dichroism Spectroscopy: A Comparison},
   number      = {3-4},
   pages       = {121--125},
   volume      = {16},
   year        = {2002},
   local-url   = {file://localhost/Volumes/Home/benb/Data/Papers/Spectroscopy\%20-\%20An\%20International\%20Journal/Spectroscopy\%20-\%20An\%20International\%20Journal\%202002,\%2016,\%20121-125.pdf},
}


@article{Wallace:03:875,
   author      = {Bonnie A Wallace and Jonathan G Lees and A J W Orry and A Lobley and Robert W Janes},
   journal     = {Protein Sci.},
   title       = {Analyses of circular dichroism spectra of membrane proteins},
   number      = {4},
   pages       = {875--884},
   volume      = {12},
   year        = {2003},
   local-url   = {file://localhost/Volumes/Home/benb/Data/Papers/Protein\%20Science/Protein\%20Science\%202003,\%2012,\%20875-884.pdf},
}


@article{Tanaka:05:9561,
   author      = {K Tanaka and Y Itagaki and M Satake and H Naoki and T Yasumoto and Koji Nakanishi and Nina Berova},
   journal     = {J. Am. Chem. Soc.},
   title       = {Three Challenges Toward the Assignment of Absolute Configuration of Gymnocin-B},
   number      = {26},
   pages       = {9561--9570},
   volume      = {127},
   year        = {2005},
   local-url   = {file://localhost/Volumes/Home/benb/Data/Papers/Journal\%20of\%20the\%20American\%20Chemical\%20Society/Journal\%20of\%20the\%20American\%20Chemical\%20Society\%202005,\%20127,\%209561-9570.pdf},
}


@article{Schellman:75:323,
   author      = {John A Schellman},
   journal     = {Chem. Rev.},
   title       = {Circular Dichroism and Optical Rotation},
   number      = {3},
   pages       = {323--331},
   volume      = {75},
   year        = {1975},
   local-url   = {file://localhost/Volumes/Home/benb/Data/Papers/Chemical\%20Reviews/Chemical\%20Reviews\%201975,\%2075,\%20323-331.pdf},
}


@article{Holzwarth:74:251,
   author      = {G Holzwarth and E C Hsu and H S Mosher and T R Faulkner and Albert Moscowitz},
   journal     = {J. Am. Chem. Soc.},
   title       = {Infrared Circular Dichroism of Carbon-Hydrogen and Carbon-Deuterium Stretching Modes. Observations},
   number      = {1},
   pages       = {251--252},
   volume      = {96},
   year        = {1974},
   local-url   = {file://localhost/Volumes/Home/benb/Data/Papers/Journal\%20of\%20the\%20American\%20Chemical\%20Society/Journal\%20of\%20the\%20American\%20Chemical\%20Society\%201974,\%2096,\%20251-252.pdf},
}


@article{Bulheller:07:2020,
   author      = {Benjamin M Bulheller and Alison Rodger and Jonathan D Hirst},
   journal     = {Phys. Chem. Chem. Phys.},
   title       = {Circular and Linear Dichroism of Proteins},
   number      = {16},
   pages       = {2020--2035},
   volume      = {9},
   year        = {2007},
   local-url   = {file://localhost/Volumes/Home/benb/Data/Papers/Physical\%20Chemistry\%20Chemical\%20Physics/Physical\%20Chemistry\%20Chemical\%20Physics\%202007,\%209,\%202020-2035.pdf},
}


@book{Harada:83,
   author      = {Nobuyuki Harada and Koji Nakanishi},
   publisher   = {University Science Books, Oxford University Press},
   title       = {Circular Dichroic Spectroscopy: Exciton Coupling in Organic Stereochemistry‎},
   address     = {Oxford},
   year        = {1983},
}


@article{Nesgaard:08:779,
   author      = {Lise W Nesgaard and S{\o}ren V Hoffmann and Christian Beyschau Andersen and Anders Malmendal and Daniel E Otzen},
   journal     = {Biopolymers},
   title       = {Characterization of Dry Globular Proteins and Protein Fibrils by Synchrotron Radiation Vacuum UV Circular Dichroism},
   number      = {9},
   pages       = {779--795},
   volume      = {89},
   year        = {2008},
   local-url   = {file://localhost/Volumes/Home/benb/Data/Papers/Biopolymers/Biopolymers\%202008,\%2089,\%20779-795.pdf},
}


@article{Scheraga:51:1101,
   author      = {H A Scheraga and J T Edsall and J O Gadd Jr.},
   journal     = {J. Chem. Phys.},
   title       = {Double Refraction of Flow: Numerical Evaluation of Extinction Angle and Birefringence as a Function of Velocity Gradient},
   number      = {9},
   pages       = {1101--1108},
   volume      = {19},
   year        = {1951},
   local-url   = {file://localhost/Volumes/Home/benb/Data/Papers/Journal\%20of\%20Chemical\%20Physics/Journal\%20of\%20Chemical\%20Physics\%201951,\%2019,\%201101-1108.pdf},
}


@article{Phillips:86:111,
   author      = {Phillips, Jr., G N and J P Fillers and C Cohen},
   journal     = {J. Mol. Biol.},
   title       = {Tropomyosin Crystal Structure and Muscle Regulation},
   number      = {1},
   pages       = {111--131},
   volume      = {192},
   year        = {1986},
}


@article{Nachtigallova:08:5689,
   author      = {Dana Nachtigallov{\'a} and Pavel Hobza and Hans-Hermann Ritze},
   journal     = {Phys. Chem. Chem. Phys.},
   title       = {Electronic Splitting in the Excited States of DNA Base Homodimers and -trimers: An Evaluation of Short-Range and Coulombic Interactions},
   number      = {37},
   pages       = {5689--5697},
   volume      = {10},
   year        = {2008},
   local-url   = {file://localhost/Volumes/Home/benb/Data/Papers/Physical\%20Chemistry\%20Chemical\%20Physics/Physical\%20Chemistry\%20Chemical\%20Physics\%202008,\%2010,\%205689-5697.pdf},
}


@article{Brooks:83:187,
   author      = {B R Brooks and R E Bruccoleri and B D Olafson and D J States and S Swaminathan and M Karplus},
   journal     = {J. Comput. Chem.},
   title       = {{CHARMM} -- A Program for Macromolecular Energy, Minimization, and Dynamics Calculations},
   number      = {2},
   pages       = {187--217},
   volume      = {4},
   year        = {1983},
   local-url   = {file://localhost/Volumes/Home/benb/Data/Papers/Journal\%20of\%20Computational\%20Chemistry/Journal\%20of\%20Computational\%20Chemistry\%201983,\%204,\%20187-217.pdf},
}


@article{Matsuo:04:405,
   author      = {Koichi Matsuo and Ryuta Yonehara and Kunihiko Gekko},
   journal     = {J. Biochem.},
   title       = {Secondary-Structure Analysis of Proteins by Vacuum-Ultraviolet Circular Dichroism Spectroscopy},
   number      = {3},
   pages       = {405--411},
   volume      = {135},
   year        = {2004},
   local-url   = {file://localhost/Volumes/Home/benb/Data/Papers/Journal\%20of\%20Biochemistry/Journal\%20of\%20Biochemistry\%202004,\%20135,\%20405-411.pdf},
}


@article{Hirst:93:549,
   author      = {Jonathan D Hirst and Michael J E Sternberg},
   journal     = {Protein Eng.},
   title       = {Prediction of an ATP/GTP-Binding Motif: A Comparison of a Perceptron-Type Neural Network and a Consensus Sequence Method. [Erratum to document cited in CA115(25):275147s]},
   number      = {5},
   pages       = {549--554},
   volume      = {6},
   year        = {1993},
   local-url   = {file://localhost/Volumes/Home/benb/Data/Papers/Protein\%20Engineering/Protein\%20Engineering\%201993,\%206,\%20549-554.pdf},
}


@article{Brahms:80:149,
   author      = {S Brahms and J Brahms},
   journal     = {J. Mol. Biol.},
   title       = {Determination of Protein Secondary Structure in Solution by Vacuum Ultraviolet Circular Dichroism},
   number      = {2},
   pages       = {149--178},
   volume      = {138},
   year        = {1980},
   local-url   = {file://localhost/Volumes/Home/benb/Data/Papers/Journal\%20of\%20Molecular\%20Biology/Journal\%20of\%20Molecular\%20Biology\%201980,\%20138,\%20149-178.pdf},
}


@article{Ardhammar:01:11363,
   author      = {Malin Ardhammar and Per Lincoln and Bengt Nord{\'e}n},
   journal     = {J. Phys. Chem. B},
   title       = {Ligand Substituents of Ruthenium Dipyridophenazine Complexes Sensitively Determine Orientation in Liposome Membrane},
   number      = {45},
   pages       = {11363--11368},
   volume      = {105},
   year        = {2001},
   local-url   = {file://localhost/Volumes/Home/benb/Data/Papers/Journal\%20of\%20Physical\%20Chemistry\%20B/Journal\%20of\%20Physical\%20Chemistry\%20B\%202001,\%20105,\%2011363-11368.pdf},
}


@article{Pandya:00:8728,
   author      = {M J Pandya and G M Spooner and M Sunde and J R Thorpe and Alison Rodger and Derek N Woolfson},
   journal     = {Biochemistry},
   title       = {Sticky-End Assembly of a Designed Peptide Fiber Provides Insight into Protein Fibrillogenesis},
   number      = {30},
   pages       = {8728--8734},
   volume      = {39},
   year        = {2000},
   local-url   = {file://localhost/Volumes/Home/benb/Data/Papers/Biochemistry/Biochemistry\%202000,\%2039,\%208728-8734.pdf},
}


@article{Dartigalongue:05:184901/1,
   author      = {Thibault Dartigalongue and Fran{\c c}ois Hache},
   journal     = {J. Chem. Phys.},
   title       = {Calculation of the circular dichroism spectra of carbon monoxy- and deoxy myoglobin: Interpretation of a time-resolved circular dichroism experiment},
   number      = {18},
   pages       = {184901/1 -- 184901/8},
   volume      = {123},
   year        = {2005},
   local-url   = {file://localhost/Volumes/Home/benb/Data/Papers/Journal\%20of\%20Chemical\%20Physics/Journal\%20of\%20Chemical\%20Physics\%202005,\%20123,\%201849011\%20-\%201849018.pdf},
}


@article{Hirst:96:3526,
   author      = {Jonathan D Hirst},
   journal     = {J. Med. Chem.},
   title       = {Nonlinear quantitative structure-activity relationship for the inhibition of dihydrofolate reductase by pyrimidines},
   number      = {18},
   pages       = {3526--3532},
   volume      = {39},
   year        = {1996},
   local-url   = {file://localhost/Volumes/Home/benb/Data/Papers/Journal\%20of\%20Medicinal\%20Chemistry/Journal\%20of\%20Medicinal\%20Chemistry\%201996,\%2039,\%203526-3532.pdf},
}


@article{Hofrichter:76:511,
   author      = {J Hofrichter and W Eaton},
   journal     = {Annual Review of Biophysics and Bioengineering},
   title       = {Linear Dichroism of Biological Chromophores},
   pages       = {511--560},
   volume      = {5},
   year        = {1976},
   local-url   = {file://localhost/Volumes/Home/benb/Data/Papers/Annual\%20Review\%20of\%20Biophysics\%20and\%20Bioengineering/Annual\%20Review\%20of\%20Biophysics\%20and\%20Bioengineering\%201976,\%205,\%20511-560.pdf},
}


@article{Pasteur:48:535,
   author      = {L Pasteur},
   journal     = {C. R. Acad. Sci.},
   title       = {M{\'e}moire sur la relation qui peut exister entre la forme cristalline et la composition chimique, et sur la cause de la polarisation rotatoire. (Note on the Relationship of Crystalline Form to Chemical Composition, and on the Cause of Rotatory Polarization)},
   pages       = {535--538},
   volume      = {26},
   year        = {1848},
}


@article{Talukdar:05:6525,
   author      = {Pinaki Talukdar and Guillaume Bollot and Jiri Mareda and Naomi Sakai and Stefan Matile},
   journal     = {Chem. Eur. J.},
   title       = {Ligand-Gated Synthetic Ion Channels},
   number      = {22},
   pages       = {6525--6532},
   volume      = {11},
   year        = {2005},
   local-url   = {file://localhost/Volumes/Home/benb/Data/Papers/Chemistry\%20-\%20A\%20European\%20Journal/Chemistry\%20-\%20A\%20European\%20Journal\%202005,\%2011,\%206525-6532.pdf},
}


@article{Shi:02:9190,
   author      = {Zhengshuang S Shi and C A Olson and G D Rose and Robert L Baldwin and Neville R Kallenbach},
   journal     = {Proc. Natl. Acad. Sci. U. S. A.},
   title       = {Polyproline II structure in a sequence of seven alanine residues},
   number      = {14},
   pages       = {9190--9195},
   volume      = {99},
   year        = {2002},
   local-url   = {file://localhost/Volumes/Home/benb/Data/Papers/Proceedings\%20of\%20the\%20National\%20Academy\%20of\%20Sciences\%20of.../Proceedings\%20of\%20the\%20National\%20Academy\%20of\%20Sciences\%20of\%20the\%20United\%20States\%20of\%20America\%202002,\%2099,\%209190-9195.pdf},
}


@article{Wood:04:419,
   author      = {Matthew J Wood and Jonathan D Hirst},
   journal     = {Bioinformatics},
   title       = {Predicting protein secondary structure by cascade-correlation neural networks},
   number      = {3},
   pages       = {419--420},
   volume      = {20},
   year        = {2004},
   local-url   = {file://localhost/Volumes/Home/benb/Data/Papers/Bioinformatics/Bioinformatics\%202004,\%2020,\%20419-420.pdf},
}


@article{Watson:03:6843,
   author      = {Tim M Watson and Jonathan D Hirst},
   journal     = {J. Phys. Chem. A},
   title       = {Influence of Electrostatic Environment on the Vibrational Frequencies of Proteins},
   number      = {35},
   pages       = {6843--6849},
   volume      = {107},
   year        = {2003},
   local-url   = {file://localhost/Volumes/Home/benb/Data/Papers/J.\%20Phys.\%20Chem.\%20A/J.\%20Phys.\%20Chem.\%20A\%202003,\%20107,\%206843-6849.pdf},
}


@article{Curutchet:05:16733,
   author      = {C Curutchet and B Mennucci},
   journal     = {J. Am. Chem. Soc.},
   title       = {Toward a molecular scale interpretation of excitation energy transfer in solvated bichromophoric systems},
   number      = {47},
   pages       = {16733--16744},
   volume      = {127},
   year        = {2005},
   local-url   = {file://localhost/Volumes/Home/benb/Data/Papers/Journal\%20of\%20the\%20American\%20Chemical\%20Society/Journal\%20of\%20the\%20American\%20Chemical\%20Society\%202005,\%20127,\%2016733-16744.pdf},
}


@article{Watson:04:998,
   author      = {Tim M Watson and Jonathan D Hirst},
   journal     = {Phys. Chem. Chem. Phys.},
   title       = {Calculating Vibrational Frequencies of Amides: From Formamide to Concanavalin A},
   number      = {5},
   pages       = {998--1005},
   volume      = {6},
   year        = {2004},
   local-url   = {file://localhost/Volumes/Home/benb/Data/Papers/Physical\%20Chemistry\%20Chemical\%20Physics/Physical\%20Chemistry\%20Chemical\%20Physics\%202004,\%206,\%20998-1005.pdf},
}


@article{Applequist:79:4332,
   author      = {Jon Applequist},
   journal     = {J. Chem. Phys.},
   title       = {A Full Polarizability Treatment of the $\pi\pi^*$ Absorption and Circular Dichroic Spectra of $\alpha$-Helical Polypeptides},
   number      = {11},
   pages       = {4332--4338},
   volume      = {71},
   year        = {1979},
   local-url   = {file://localhost/Volumes/Home/benb/Data/Papers/Journal\%20of\%20Chemical\%20Physics/Journal\%20of\%20Chemical\%20Physics\%201979,\%2071,\%204332-4338.pdf},
}


@article{Sterzel:02:243,
   author      = {M Sterzel and M Pilch and M T Pawlikowski and P Skowronek},
   journal     = {Chem. Phys. Lett.},
   title       = {The Absorption and Fluorescence Study of 1,4,5,8-Naphthalenetetracarboxy Diimides in their Low-Energy 1 $^1$B$_{2u}$ and 1 $^1$B$_{3u}$ Electronic States. The Franck--Condon Analysis in Terms of CASSCF Method},
   number      = {3-4},
   pages       = {243--248},
   volume      = {362},
   year        = {2002},
   local-url   = {file://localhost/Volumes/Home/benb/Data/Papers/Chemical\%20Physics\%20Letters/Chemical\%20Physics\%20Letters\%202002,\%20362,\%20243-248.pdf},
}


@article{Mukhopadhyay:06:1592,
   author      = {Pritam Mukhopadhyay and Yuya Iwashita and Michihiro Shirakawa and Shin-Ichiro Kawano and Norifumi Fujita and Seiji Shinkai},
   journal     = {Angew. Chem. Int. Ed.},
   title       = {Spontaneous Colorimetric Sensing of the Positional Isomers of Dihydroxynaphthalene in a 1D Organogel Matrix},
   number      = {10},
   pages       = {1592--1595},
   volume      = {45},
   year        = {2006},
   local-url   = {file://localhost/Volumes/Home/benb/Data/Papers/Angew.\%20Chem.\%20Int.\%20Ed./Angew.\%20Chem.\%20Int.\%20Ed.\%202006,\%2045,\%201592-1595.pdf},
}


@article{Kokke:73:7583,
   author      = {W Kokke and L Oosterhoff},
   journal     = {J. Am. Chem. Soc.},
   title       = {Optical activity due to isotopic substitution. Circular dichroism of (1R)-[2-18O]-$\alpha$-fenchocamphoronequinone },
   number      = {21},
   pages       = {7583--7584},
   volume      = {94},
   year        = {1973},
   local-url   = {file://localhost/Volumes/Home/benb/Data/Papers/Journal\%20of\%20the\%20American\%20Chemical\%20Society/Journal\%20of\%20the\%20American\%20Chemical\%20Society\%201973,\%2094,\%207583-7584.pdf},
}


@article{Besley:02:20,
   author      = {Nicholas A Besley and Jonathan D Hirst},
   journal     = {Spec. Publ. - R. Soc. Chem.},
   title       = {Quantitative Protein Circular Dichroism Calculations},
   pages       = {20--30},
   volume      = {283},
   year        = {2002},
}


@article{Berman:00:235,
   author      = {Helen M Berman and John Westbrook and Zukang Feng and Gary Gilliland and T N Bhat and Helge Weissig and Ilya N Shindyalov and Philip E Bourne},
   journal     = {Nucleic Acids Res.},
   title       = {The Protein Data Bank},
   number      = {1},
   pages       = {235--242},
   volume      = {28},
   year        = {2000},
   local-url   = {file://localhost/Volumes/Home/benb/Data/Papers/Nucleic\%20Acids\%20Research/Nucleic\%20Acids\%20Research\%202000,\%2028,\%20235-242.pdf},
}


@article{Matos:88:7664,
   author      = {J M O Matos and Bj{\"o}rn O Roos},
   journal     = {J. Am. Chem. Soc.},
   title       = {Ab initio quantum chemical study of the pi-electron spectrum of the cytosine molecule},
   pages       = {7664--7671},
   volume      = {110},
   year        = {1988},
   local-url   = {file://localhost/Volumes/Home/benb/Data/Papers/Journal\%20of\%20the\%20American\%20Chemical\%20Society/Journal\%20of\%20the\%20American\%20Chemical\%20Society\%201988,\%20110,\%207664-7671.pdf},
}


@article{Yamamoto:72:1362,
   author      = {Y Yamamoto and J Tanaka},
   journal     = {Bull. Chem. Soc. Jpn.},
   title       = {Polarized Absorption Spectra of Crystals of Indole and Its Related Compounds},
   number      = {5},
   pages       = {1362--1366},
   volume      = {45},
   year        = {1972},
   local-url   = {file://localhost/Volumes/Home/benb/Data/Papers/Bulletin\%20of\%20the\%20Chemical\%20Society\%20of\%20Japan/Bulletin\%20of\%20the\%20Chemical\%20Society\%20of\%20Japan\%201972,\%2045,\%201362-1366.pdf},
}


@article{Bode:96:17825,
   author      = {Kimberly A Bode and Jon Applequist},
   journal     = {J. Phys. Chem.},
   title       = {Improved Theoretical $\pi\pi^*$ Absorption and Circular Dichroic Spectra of Helical Polypeptides Using New Polarizabilities of Atoms and NC'O Chromophores},
   number      = {45},
   pages       = {17825--17834},
   volume      = {100},
   year        = {1996},
   local-url   = {file://localhost/Volumes/Home/benb/Data/Papers/Journal\%20of\%20Physical\%20Chemistry/Journal\%20of\%20Physical\%20Chemistry\%201996,\%20100,\%2017825-17834.pdf},
}


@article{Rogers:04:11092,
   author      = {David M Rogers and Jonathan D Hirst},
   journal     = {Biochemistry},
   title       = {First-Principles Calculations of Protein Circular Dichroism in the Near Ultraviolet},
   number      = {34},
   pages       = {11092--11102},
   volume      = {43},
   year        = {2004},
   local-url   = {file://localhost/Volumes/Home/benb/Data/Papers/Biochemistry/Biochemistry\%202004,\%2043,\%2011092-11102.pdf},
}


@article{Bode:98:10938,
   author      = {Kimberly A Bode and Jon Applequist},
   journal     = {J. Am. Chem. Soc.},
   title       = {Globular Protein Ultraviolet Circular Dichroic Spectra. Calculation from Crystal Structures via the Dipole Interaction Model},
   number      = {42},
   pages       = {10938--10946},
   volume      = {120},
   year        = {1998},
   local-url   = {file://localhost/Volumes/Home/benb/Data/Papers/Journal\%20of\%20the\%20American\%20Chemical\%20Society/Journal\%20of\%20the\%20American\%20Chemical\%20Society\%201998,\%20120,\%2010938-10946.pdf},
}


@article{Applequist:00:7129,
   author      = {Jon Applequist and Kimberly A Bode},
   journal     = {J. Phys. Chem. A},
   title       = {Fully Extended Poly($\beta$-Amino Acid) Chains: Translational Helices with Unusual Theoretical $\pi\pi^*$ Absorption and Circular Dichroic Spectra},
   number      = {30},
   pages       = {7129--7132},
   volume      = {104},
   year        = {2000},
   local-url   = {file://localhost/Volumes/Home/benb/Data/Papers/J.\%20Phys.\%20Chem.\%20A/J.\%20Phys.\%20Chem.\%20A\%202000,\%20104,\%207129-7132.pdf},
}


@article{Fulscher:97:6168,
   author      = {Markus P F{\"u}lscher and Luis Serrano-Andr{\'e}s and Bj{\"o}rn O Roos},
   journal     = {J. Am. Chem. Soc.},
   title       = {A Theoretical Study of the Electronic Spectra of Adenine and Guanine},
   number      = {26},
   pages       = {6168--6176},
   volume      = {119},
   year        = {1997},
   local-url   = {file://localhost/Volumes/Home/benb/Data/Papers/Journal\%20of\%20the\%20American\%20Chemical\%20Society/Journal\%20of\%20the\%20American\%20Chemical\%20Society\%201997,\%20119,\%206168-6176.pdf},
}


@article{DelBene:68:1807,
   author      = {{D}el Bene, J and H H Jaff{\'e}},
   journal     = {J. Chem. Phys.},
   title       = {Use of CNDO Method in Spectroscopy. I. Benzene Pyridine and Diazines},
   number      = {4},
   pages       = {1807--1813},
   volume      = {48},
   year        = {1968},
   local-url   = {file://localhost/Volumes/Home/benb/Data/Papers/Journal\%20of\%20Chemical\%20Physics/Journal\%20of\%20Chemical\%20Physics\%201968,\%2048,\%201807-1813.pdf},
}


@book{Robin:75,
   author      = {M B Robin},
   publisher   = {Academic Press},
   title       = {Higher Excited States of Polyatomic Molecules},
   address     = {New York},
   year        = {1975},
}


@article{Serrano-Andres:96:12190,
   author      = {Luis Serrano-Andr{\'e}s and Markus P F{\"u}lscher},
   journal     = {J. Am. Chem. Soc.},
   title       = {Theoretical Study of the Electronic Spectroscopy of Peptides. 1. The Peptidic Bond: Primary, Secondary, and Tertiary Amides},
   number      = {48},
   pages       = {12190--12199},
   volume      = {118},
   year        = {1996},
   local-url   = {file://localhost/Volumes/Home/benb/Data/Papers/Journal\%20of\%20the\%20American\%20Chemical\%20Society/Journal\%20of\%20the\%20American\%20Chemical\%20Society\%201996,\%20118,\%2012190-12199.pdf},
}


@article{Nilges:96:617,
   author      = {M Nilges},
   journal     = {Curr. Opin. Struct. Biol.},
   title       = {Structure calculation from NMR data},
   number      = {5},
   pages       = {617--623},
   volume      = {6},
   year        = {1996},
}


@article{Hirst:99:721,
   author      = {Jonathan D Hirst},
   journal     = {Protein Eng.},
   title       = {The Evolutionary Landscape of Functional Model Proteins},
   number      = {9},
   pages       = {721--726},
   volume      = {12},
   year        = {1999},
   local-url   = {file://localhost/Volumes/Home/benb/Data/Papers/Protein\%20Engineering/Protein\%20Engineering\%201999,\%2012,\%20721-726.pdf},
}


@article{Cox:03:254,
   author      = {Katherine Cox and Tim M Watson and Panos Soultanas and Jonathan D Hirst},
   journal     = {Proteins: Struct., Funct., Genet.},
   title       = {Molecular dynamics simulations of a helicase},
   number      = {2},
   pages       = {254--262},
   volume      = {52},
   year        = {2003},
   local-url   = {file://localhost/Volumes/Home/benb/Data/Papers/Proteins\%20Structure\%20Function\%20and\%20Genetics/Proteins\%20Structure\%20Function\%20and\%20Genetics\%202003,\%2052,\%20254-262.pdf},
}


@article{Hirst:97:4821,
   author      = {Jonathan D Hirst and David M Hirst and Brooks, III, Charles L},
   journal     = {J. Phys. Chem. A},
   title       = {Multireference Configuration Interaction Calculations of Electronic States of \emph{N}-Methylformamide, Acetamide, and \emph{N}-Methylacetamide},
   number      = {26},
   pages       = {4821--4827},
   volume      = {101},
   year        = {1997},
   local-url   = {file://localhost/Volumes/Home/benb/Data/Papers/J.\%20Phys.\%20Chem.\%20A/J.\%20Phys.\%20Chem.\%20A\%201997,\%20101,\%204821-4827.pdf},
}


@article{Sakai:06:91,
   author      = {Naomi Sakai and Pinaki Talukdar and Stefan Matile},
   journal     = {Chirality},
   title       = {Use of the Exciton Chirality Method in the Investigation of Ligand-Gated Synthetic Ion Channels},
   number      = {2},
   pages       = {91--94},
   volume      = {18},
   year        = {2006},
   local-url   = {file://localhost/Volumes/Home/benb/Data/Papers/Chirality/Chirality\%202006,\%2018,\%2091-94.pdf},
}


@article{Kenney:02:4159,
   author      = {J M Kenney and D Knight and M J Wise and F Vollrath},
   journal     = {Eur. J. Biochem.},
   title       = {Amyloidogenic nature of spider silk},
   number      = {16},
   pages       = {4159--4163},
   volume      = {269},
   year        = {2002},
   local-url   = {file://localhost/Volumes/Home/benb/Data/Papers/European\%20Journal\%20of\%20Biochemistry/European\%20Journal\%20of\%20Biochemistry\%202002,\%20269,\%204159-4163.pdf},
}


@article{Moad:07:1996,
   author      = {Andrew J Moad and Charles W Moad and John M Perry and Ronald D Wampler and G. Scott Goeken and Nathan J Begue and Tian Shen and Randy Heiland and Garth J Simpson},
   journal     = {J. Comput. Chem.},
   title       = {NLOPredict: Visualization and data analysis software for nonlinear optics},
   number      = {12},
   pages       = {1996--2002},
   volume      = {28},
   year        = {2007},
   local-url   = {file://localhost/Volumes/Home/benb/Data/Papers/Journal\%20of\%20Computational\%20Chemistry/Journal\%20of\%20Computational\%20Chemistry\%202007,\%2028,\%201996-2002.pdf},
}


@article{Norden:78:157,
   author      = {Bengt Nord{\'e}n},
   journal     = {Appl. Spectrosc. Rev.},
   title       = {Applications of Linear Dichroism Spectroscopy},
   pages       = {157--248},
   volume      = {14},
   year        = {1978},
}


@article{Chen:91:535,
   author      = {J M Chen and C E Kung and S H Feairheller and E M Brown},
   journal     = {J. Protein Chem.},
   title       = {An energetic evaluation of a "Smith" collagen microfibril model},
   number      = {5},
   pages       = {535--552},
   volume      = {10},
   year        = {1991},
   local-url   = {file://localhost/Volumes/Home/benb/Data/Papers/J\%20Protein\%20Chem/J\%20Protein\%20Chem\%201991,\%2010,\%20535-552.pdf},
}


@article{Marrington:05:1608,
   author      = {Rachel Marrington and Timothy R Dafforn and David J Halsall and J I MacDonald and Matthew Hicks and Alison Rodger},
   journal     = {Analyst},
   title       = {Validation of New Microvolume Couette Flow Linear Dichroism Cells},
   number      = {12},
   pages       = {1608--1616},
   volume      = {130},
   year        = {2005},
   local-url   = {file://localhost/Volumes/Home/benb/Data/Papers/Analyst/Analyst\%202005,\%20130,\%201608-1616.pdf},
}


@article{Marrington:06:680,
   author      = {Rachel Marrington and M Seymour and Alison Rodger},
   journal     = {Chirality},
   title       = {A New Method for Fibrous Protein Analysis Illustrated by Application to Tubulin Microtubule Polymerisation and Depolymerisation},
   pages       = {680--690},
   volume      = {18},
   year        = {2006},
   local-url   = {file://localhost/Volumes/Home/benb/Data/Papers/Chirality/Chirality\%202006,\%2018,\%20680-690.pdf},
}


@article{Roos:80:157,
   author      = {Bj{\"o}rn O Roos and P R Taylor and P E M Si{\.e}gbahn},
   journal     = {Chem. Phys.},
   title       = {A Complete Active Space SCF Method (CASSCF) using a Density Matrix Formulated Super-CI Approach},
   number      = {2},
   pages       = {157--173},
   volume      = {48},
   year        = {1980},
   local-url   = {file://localhost/Volumes/Home/benb/Data/Papers/Chemical\%20Physics/Chemical\%20Physics\%201980,\%2048,\%20157-173.pdf},
}


@article{Constans:00:452,
   author      = {Pere Constans and Jonathan D Hirst},
   journal     = {J. Chem. Inf. Comput. Sci.},
   title       = {Nonparametric Regression Applied to Quantitative Structure-Activity Relationships},
   number      = {2},
   pages       = {452--459},
   volume      = {40},
   year        = {2000},
   local-url   = {file://localhost/Volumes/Home/benb/Data/Papers/Journal\%20of\%20Chemical\%20Information\%20and\%20Computer\%20Scien.../Journal\%20of\%20Chemical\%20Information\%20and\%20Computer\%20Sciences\%202000,\%2040,\%20452-459.pdf},
}


@article{Wallace:00:289,
   author      = {Bonnie A Wallace},
   journal     = {J. Synchrotron Radiat.},
   title       = {Synchrotron Radiation Circular Dichroism Spectroscopy as a Tool for Investigating Protein Structures},
   pages       = {289--295},
   volume      = {7},
   year        = {2000},
   local-url   = {file://localhost/Volumes/Home/benb/Data/Papers/Journal\%20of\%20Synchrotron\%20Radiation/Journal\%20of\%20Synchrotron\%20Radiation\%202000,\%207,\%20289-295.pdf},
}


@article{Hirst:94:421,
   author      = {Jonathan D Hirst and Ross D King and Michael J E Sternberg},
   journal     = {J. Comput.-Aided Mol. Des.},
   title       = {Quantitative Structure-Activity Relationships by Neural Networks and Inductive Logic Programming. II. The Inhibition of Dihydrofolate Reductase by Triazines},
   number      = {4},
   pages       = {421--432},
   volume      = {8},
   year        = {1994},
   local-url   = {file://localhost/Volumes/Home/benb/Data/Papers/Journal\%20of\%20Computer-Aided\%20Molecular\%20Design/Journal\%20of\%20Computer-Aided\%20Molecular\%20Design\%201994,\%208,\%20421-432.pdf},
}


@article{Li:08:3509,
   author      = {Zhenyu Li and Darius Abramavicius and Shaul Mukamel},
   journal     = {J. Am. Chem. Soc.},
   title       = {Probing Electron Correlations in Molecules by Two-Dimensional Coherent Optical Spectroscopy},
   number      = {11},
   pages       = {3509--3515},
   volume      = {130},
   year        = {2008},
   local-url   = {file://localhost/Volumes/Home/benb/Data/Papers/Journal\%20of\%20the\%20American\%20Chemical\%20Society/Journal\%20of\%20the\%20American\%20Chemical\%20Society\%202008,\%20130,\%203509-3515.pdf},
}


@article{Carlson:06:1925,
   author      = {Kristine L Carlson and Stephen L Lowe and Mark R Hoffmann and Kathryn A Thomasson},
   journal     = {J. Phys. Chem. A},
   title       = {Theoretical UV Circular Dichroism of Cyclo(L-Proline-L-Proline)},
   number      = {5},
   pages       = {1925--1933},
   volume      = {110},
   year        = {2006},
   local-url   = {file://localhost/Volumes/Home/benb/Data/Papers/J.\%20Phys.\%20Chem.\%20A/J.\%20Phys.\%20Chem.\%20A\%202006,\%20110,\%201925-1933.pdf},
}


@article{Wallace:03:631,
   author      = {Bonnie A Wallace and Robert W Janes},
   journal     = {Biochem. Soc. Trans.},
   title       = {Circular dichroism and synchrotron radiation circular dichroism spectroscopy: tools for drug discovery},
   pages       = {631--633},
   volume      = {31},
   year        = {2003},
   local-url   = {file://localhost/Volumes/Home/benb/Data/Papers/Biochemical\%20Society\%20Transactions/Biochemical\%20Society\%20Transactions\%202003,\%2031,\%20631-633.pdf},
}


@article{Besley:98:10791,
   author      = {Nicholas A Besley and Jonathan D Hirst},
   journal     = {J. Phys. Chem. A},
   title       = {\emph{Ab Initio} Study of the Effect of Solvation on the Electronic Spectra of Formamide and \emph{N}-Methylacetamide},
   number      = {52},
   pages       = {10791--10797},
   volume      = {102},
   year        = {1998},
   local-url   = {file://localhost/Volumes/Home/benb/Data/Papers/J.\%20Phys.\%20Chem.\%20A/J.\%20Phys.\%20Chem.\%20A\%201998,\%20102,\%2010791-10797.pdf},
}


@book{Passarge:07,
   author      = {Eberhard Passarge},
   publisher   = {Georg Thieme Verlag},
   title       = {Color Atlas of Genetics},
   edition     = {3rd},
   address     = {Stuttgart},
   year        = {2007},
}


@article{Pantos:07:194,
   author      = {G Dan Panto{\c s} and Paolo Pengo and Jeremy K M Sanders},
   journal     = {Angew. Chem. Int. Ed.},
   title       = {Hydrogen-Bonded Helical Organic Nanotubes},
   number      = {1-2},
   pages       = {194--197},
   volume      = {46},
   year        = {2007},
   local-url   = {file://localhost/Volumes/Home/benb/Data/Papers/Angew.\%20Chem.\%20Int.\%20Ed./Angew.\%20Chem.\%20Int.\%20Ed.\%202007,\%2046,\%20194-197.pdf},
}


@article{Cossi:01:5691,
   author      = {M Cossi and N Rega and G Scalmani and V Barone},
   journal     = {J. Chem. Phys.},
   title       = {Polarizable dielectric model of solvation with inclusion of charge penetration effects},
   number      = {13},
   pages       = {5691--5701},
   volume      = {114},
   year        = {2001},
   local-url   = {file://localhost/Volumes/Home/benb/Data/Papers/Journal\%20of\%20Chemical\%20Physics/Journal\%20of\%20Chemical\%20Physics\%202001,\%20114,\%205691-5701.pdf},
}


@article{Long:77:725,
   author      = {M M Long and D W Urry and W Stoeckenius},
   journal     = {Biochem. Biophys. Res. Commun.},
   title       = {Circular Dichroism of Biological Membranes -- Purple Membrane of Halobacterium Halobium},
   number      = {3},
   pages       = {725--731},
   volume      = {75},
   year        = {1977},
}


@article{Goldmann:01:2893,
   author      = {Eyal Goldmann and Sanford A Asher and Shaul Mukamel},
   journal     = {Phys. Chem. Chem. Phys.},
   title       = {Electronic Excitations of Polyalanine; Test of the Independent Chromophore Approximation},
   number      = {14},
   pages       = {2893--2903},
   volume      = {3},
   year        = {2001},
   local-url   = {file://localhost/Volumes/Home/benb/Data/Papers/Physical\%20Chemistry\%20Chemical\%20Physics/Physical\%20Chemistry\%20Chemical\%20Physics\%202001,\%203,\%202893-2903.pdf},
}


@article{Hirst:02:253,
   author      = {Jonathan D Hirst and Samita Bhattacharjee and Alexey V Onufriev},
   journal     = {Faraday Discuss.},
   title       = {Theoretical Studies of Time-Resolved Spectroscopy of Protein Folding},
   pages       = {253--267},
   volume      = {122},
   year        = {2002},
   local-url   = {file://localhost/Volumes/Home/benb/Data/Papers/Faraday\%20Discussions/Faraday\%20Discussions\%202002,\%20122,\%20253-267.pdf},
}


@article{Sathyanarayana:86:86,
   author      = {B K Sathyanarayana and Jon Applequist},
   journal     = {Int. J. Pept. Protein Res.},
   title       = {Theoretical $\pi\pi^*$ Absorption and Circular Dichroic Spectra of $\beta$-Turn Model Peptides},
   number      = {1},
   pages       = {86--94},
   volume      = {27},
   year        = {1986},
}


@article{Sreerama:99:370,
   author      = {Narasimha Sreerama and S Y Venyaminov and Robert W Woody},
   journal     = {Protein Sci.},
   title       = {Estimation of the Number of $\alpha$-helical and $\beta$-strand Segments in Proteins using Circular Dichroism Spectroscopy},
   number      = {2},
   pages       = {370--380},
   volume      = {8},
   year        = {1999},
   local-url   = {file://localhost/Volumes/Home/benb/Data/Papers/Protein\%20Science/Protein\%20Science\%201999,\%208,\%20370-380.pdf},
}


@article{Watson:02:7858,
   author      = {Tim M Watson and Jonathan D Hirst},
   journal     = {J. Phys. Chem. A},
   title       = {Density Functional Theory Vibrational Frequencies of Amides and Amide Dimers},
   number      = {34},
   pages       = {7858--7867},
   volume      = {106},
   year        = {2002},
   local-url   = {file://localhost/Volumes/Home/benb/Data/Papers/J.\%20Phys.\%20Chem.\%20A/J.\%20Phys.\%20Chem.\%20A\%202002,\%20106,\%207858-7867.pdf},
}


@article{Hirst:92:7211,
   author      = {Jonathan D Hirst and Michael J E Sternberg},
   journal     = {Biochemistry},
   title       = {Prediction of Structural and Functional Features of Protein and Nucleic Acid Sequences by Artificial Neural Networks},
   number      = {32},
   pages       = {7211--7218},
   volume      = {31},
   year        = {1992},
   local-url   = {file://localhost/Volumes/Home/benb/Data/Papers/Biochemistry/Biochemistry\%201992,\%2031,\%207211-7218.pdf},
}


@article{Widmark:90:291,
   author      = {Per-Olof Widmark and Per-{\AA}ke Malmqvist and Bj{\"o}rn O Roos},
   journal     = {Theor. Chim. Acta},
   title       = {Density matrix averaged atomic natural orbital (ANO) basis sets for correlated molecular wave functions. 1. First row atoms},
   number      = {5},
   pages       = {291--306},
   volume      = {77},
   year        = {1990},
   local-url   = {file://localhost/Volumes/Home/benb/Data/Papers/Theoretica\%20Chimica\%20Acta/Theoretica\%20Chimica\%20Acta\%201990,\%2077,\%20291-306.pdf},
}


@article{Lee:06:11819,
   author      = {Y Lee and M Schmitt and K Kleinermanns and B Kim},
   journal     = {J. Phys. Chem. A},
   title       = {Observation of Ultraviolet Rotational Band Contours of the DNA Base Adenine: Determination of the {\ldots}},
   pages       = {11819--11823},
   volume      = {110},
   year        = {2006},
   local-url   = {file://localhost/Volumes/Home/benb/Data/Papers/J.\%20Phys.\%20Chem.\%20A/J.\%20Phys.\%20Chem.\%20A\%202006,\%20110,\%2011819-11823.pdf},
}


@article{Rajendra:06:210,
   author      = {J Rajendra and Angeliki Damianoglou and Matthew Hicks and P J Booth and P Mark Rodger and Alison Rodger},
   journal     = {Chem. Phys.},
   title       = {Quantitation of Protein Orientation in Flow-Oriented Unilamellar Liposomes by Linear Dichroism},
   number      = {1},
   pages       = {210--220},
   volume      = {326},
   year        = {2006},
   local-url   = {file://localhost/Volumes/Home/benb/Data/Papers/Chemical\%20Physics/Chemical\%20Physics\%202006,\%20326,\%20210-220-1.pdf},
}


@article{Moffitt:56:736,
   author      = {William Moffitt},
   journal     = {Proc. Natl. Acad. Sci. U. S. A.},
   title       = {The Optical Rotatory Dispersion of Simple Polypeptides (2)},
   number      = {10},
   pages       = {736--746},
   volume      = {42},
   year        = {1956},
   local-url   = {file://localhost/Volumes/Home/benb/Data/Papers/Proceedings\%20of\%20the\%20National\%20Academy\%20of\%20Sciences\%20of.../Proceedings\%20of\%20the\%20National\%20Academy\%20of\%20Sciences\%20of\%20the\%20United\%20States\%20of\%20America\%201956,\%2042,\%20736-746.pdf},
}


@misc{MakeNAServer,
   author      = {James Stroud},
   title       = {The Make-NA Server},
   cite-key    = {MakeNAServer},
   year        = {2004},
   howpublished= {http://structure.usc.edu/make-na/server.html},
}


@article{Watson:04:2580,
   author      = {Tim M Watson and Jonathan D Hirst},
   journal     = {Phys. Chem. Chem. Phys.},
   title       = {Vibrational Analysis of Capped [Leu]Enkephalin},
   number      = {10},
   pages       = {2580--2587},
   volume      = {6},
   year        = {2004},
   local-url   = {file://localhost/Volumes/Home/benb/Data/Papers/Physical\%20Chemistry\%20Chemical\%20Physics/Physical\%20Chemistry\%20Chemical\%20Physics\%202004,\%206,\%202580-2587.pdf},
}


@article{vonMuralt:30:351,
   author      = {von Muralt, Alexander L. and John T Edsall},
   journal     = {J. Biol. Chem.},
   title       = {Studies in the Physical Chemistry of Muscle Globulin. IV. The Anisotropy of Myosin and Double Refraction of Flow},
   pages       = {351--386},
   volume      = {89},
   year        = {1930},
   local-url   = {file://localhost/Volumes/Home/benb/Data/Papers/Journal\%20of\%20Biological\%20Chemistry/Journal\%20of\%20Biological\%20Chemistry\%201930,\%2089,\%20351-386.pdf},
}


@article{Bittner:06:094909/1,
   author      = {E R Bittner},
   journal     = {J. Chem. Phys.},
   title       = {Lattice Theory of Ultrafast Excitonic and Charge-Transfer Dynamics in DNA},
   pages       = {094909/1--094909/12},
   volume      = {125},
   year        = {2006},
   local-url   = {file://localhost/Volumes/Home/benb/Data/Papers/Journal\%20of\%20Chemical\%20Physics/Journal\%20of\%20Chemical\%20Physics\%202006,\%20125,\%200949091-09490912.pdf},
}


@book{Berova:00,
   author      = {Nina Berova and Koji Nakanishi and Robert W Woody},
   publisher   = {Wiley-VCH},
   title       = {Circular Dichroism: Principles and Applications},
   edition     = {2},
   address     = {New York},
   year        = {2000},
}


@article{Nesloney:96:739,
   author      = {C L Nesloney and J W Kelly},
   journal     = {Bioorg. Med. Chem.},
   title       = {Progress Towards Understanding $\beta$-Sheet Structure},
   number      = {6},
   pages       = {739--766},
   volume      = {4},
   year        = {1996},
   local-url   = {file://localhost/Volumes/Home/benb/Data/Papers/Bioorg\%20Med\%20Chem/Bioorg\%20Med\%20Chem\%201996,\%204,\%20739-766.pdf},
}


@article{Luo:97:8413,
   author      = {Peizhi Luo and Robert L Baldwin},
   journal     = {Biochemistry},
   title       = {Mechanism of Helix Induction by Trifluoroethanol: A Framework for Extrapolating the Helix-Forming Properties of Peptides from Trifluoroethanol/Water Mixtures Back to Water},
   number      = {27},
   pages       = {8413--8421},
   volume      = {36},
   year        = {1997},
   local-url   = {file://localhost/Volumes/Home/benb/Data/Papers/Biochemistry/Biochemistry\%201997,\%2036,\%208413-8421.pdf},
}


@article{Dragomir:06:13235,
   author      = {I C Dragomir and TJ Measey and A M Hagarman and R Schweitzer-Stenner},
   journal     = {J. Phys. Chem. B},
   title       = {Environment-controlled interchromophore charge transfer transitions in dipeptides probed by UV absorption and electronic circular dichroism spectroscopy},
   number      = {26},
   pages       = {13235--13241},
   volume      = {110},
   year        = {2006},
   local-url   = {file://localhost/Volumes/Home/benb/Data/Papers/Journal\%20of\%20Physical\%20Chemistry\%20B/Journal\%20of\%20Physical\%20Chemistry\%20B\%202006,\%20110,\%2013235-13241.pdf},
}


@article{Nafie:75:3842,
   author      = {Laurence A Nafie and J C Cheng and P J Stephens},
   journal     = {J. Am. Chem. Soc.},
   title       = {Vibrational Circular Dichroism of 2,2,2-Trifluoro-1-Phenylethanol},
   number      = {13},
   pages       = {3842--3843},
   volume      = {97},
   year        = {1975},
   local-url   = {file://localhost/Volumes/Home/benb/Data/Papers/Journal\%20of\%20the\%20American\%20Chemical\%20Society/Journal\%20of\%20the\%20American\%20Chemical\%20Society\%201975,\%2097,\%203842-3843.pdf},
}


@article{Papapostolou:08:5124,
   author      = {David Papapostolou and Elizabeth H C Bromley and Christopher Bano and Derek N Woolfson},
   journal     = {J. Am. Chem. Soc.},
   title       = {Electrostatic Control of Thickness and Stiffness in a Designed Protein Fiber},
   number      = {15},
   pages       = {5124--5130},
   volume      = {130},
   year        = {2008},
   local-url   = {file://localhost/Volumes/Home/benb/Data/Papers/Journal\%20of\%20the\%20American\%20Chemical\%20Society/Journal\%20of\%20the\%20American\%20Chemical\%20Society\%202008,\%20130,\%205124-5130.pdf},
}


@article{Sreerama:93:32,
   author      = {Narasimha Sreerama and Robert W Woody},
   journal     = {Anal. Biochem.},
   title       = {A Self-Consistent Method for the Analysis of Protein Secondary Structure from Circular Dichroism},
   number      = {1},
   pages       = {32--44},
   volume      = {209},
   year        = {1993},
   local-url   = {file://localhost/Volumes/Home/benb/Data/Papers/Analytical\%20Biochemistry/Analytical\%20Biochemistry\%201993,\%20209,\%2032-44.pdf},
}


@article{Wallace:87:65,
   author      = {Bonnie A Wallace and C L Teeters},
   journal     = {Biochemistry},
   title       = {Differential Absorption Flattening Optical Effects Are Significant in the Circular Dichroism Spectra of Large Membrane Fragments},
   number      = {1},
   pages       = {65--70},
   volume      = {26},
   year        = {1987},
   local-url   = {file://localhost/Volumes/Home/benb/Data/Papers/Biochemistry/Biochemistry\%201987,\%2026,\%2065-70.pdf},
}


@article{Vlaming:09:2273,
   author      = {S M Vlaming and R Augulis and M C A Stuart and J Knoester and van Loosdrecht, P H M},
   journal     = {J. Phys. Chem. B},
   title       = {Exciton Spectra and the Microscopic Structure of Self-Assembled Porphyrin Nanotubes},
   number      = {8},
   pages       = {2273--2283},
   volume      = {113},
   year        = {2009},
   local-url   = {file://localhost/Volumes/Home/benb/Data/Papers/Journal\%20of\%20Physical\%20Chemistry\%20B/Journal\%20of\%20Physical\%20Chemistry\%20B\%202009,\%20113,\%202273-2283.pdf},
}


@article{Chernyak:96:444,
   author      = {V Chernyak and Shaul Mukamel},
   journal     = {J. Chem. Phys.},
   title       = {Size-Consistent Quasiparticle Representation of Nonlinear Optical Susceptibilities in Many-Electron Systems},
   number      = {2},
   pages       = {444--459},
   volume      = {104},
   year        = {1996},
   local-url   = {file://localhost/Volumes/Home/benb/Data/Papers/Journal\%20of\%20Chemical\%20Physics/Journal\%20of\%20Chemical\%20Physics\%201996,\%20104,\%20444-459.pdf},
}


@article{Gilbert:04:53,
   author      = {Andrew T B Gilbert and Jonathan D Hirst},
   journal     = {J. Mol. Struct. -- THEOCHEM},
   title       = {Charge-Transfer Transitions in Protein Circular Dichroism Spectra},
   number      = {1-3},
   pages       = {53--60},
   volume      = {675},
   year        = {2004},
   local-url   = {file://localhost/Volumes/Home/benb/Data/Papers/Journal\%20of\%20Molecular\%20Structure\%20(THEOCHEM)/Journal\%20of\%20Molecular\%20Structure\%20(THEOCHEM)\%202004,\%20675,\%2053-60.pdf},
}


@article{Tinoco:63:1317,
   author      = {Ignacio Tinoco and D F Bradley and Robert W Woody},
   journal     = {J. Chem. Phys.},
   title       = {ABSORPTION AND ROTATION OF LIGHT BY HELICAL POLYMERS -- The Effect of Chain Length},
   number      = {6},
   pages       = {1317--1325},
   volume      = {38},
   year        = {1963},
   local-url   = {file://localhost/Volumes/Home/benb/Data/Papers/Journal\%20of\%20Chemical\%20Physics/Journal\%20of\%20Chemical\%20Physics\%201963,\%2038,\%201317-1325.pdf},
}


@article{Sawaya:07:453,
   author      = {Michael R Sawaya and Shilpa Sambashivan and Rebecca Nelson and Magdalena I Ivanova and Stuart A Sievers and Marcin I Apostol and Michael J Thompson and Melinda Balbirnie and Jed J W Wiltzius and Heather T McFarlane and Anders {\O} Madsen and Christian Riekel and David Eisenberg},
   journal     = {Nature},
   title       = {Atomic Structures of Amyloid Cross-$\beta$ Spines Reveal Varied Steric Zippers},
   number      = {7143},
   pages       = {453--457},
   volume      = {447},
   year        = {2007},
   local-url   = {file://localhost/Volumes/Home/benb/Data/Papers/Nature/Nature\%202007,\%20447,\%20453-457.pdf},
}


@article{Hirst:99:2846,
   author      = {Jonathan D Hirst and Nicholas A Besley},
   journal     = {J. Chem. Phys.},
   title       = {Response to "Comment on 'Improving Protein Circular Dichroism Calculations in the Far-Ultraviolet Through Reparameterizing the Amide Chromophore' " [J. Chem. Phys. 111, 2844 (1999)]},
   number      = {6},
   pages       = {2846--2847},
   volume      = {111},
   year        = {1999},
   local-url   = {file://localhost/Volumes/Home/benb/Data/Papers/Journal\%20of\%20Chemical\%20Physics/Journal\%20of\%20Chemical\%20Physics\%201999,\%20111,\%202846-2847.pdf},
}


@article{Pattabiraman:87:403,
   author      = {N Pattabiraman and S N Rao and K Scott and R Langridge and P A Kollman},
   journal     = {Biopolymers},
   title       = {Molecular Mechanical Studies on Left- and Right-Handed B-DNA},
   number      = {3},
   pages       = {403--414},
   volume      = {26},
   year        = {1987},
   local-url   = {file://localhost/Volumes/Home/benb/Data/Papers/Biopolymers/Biopolymers\%201987,\%2026,\%20403-414.pdf},
}


@article{Gokce:05:9700,
   author      = {Isa Gokce and Robert W Woody and Gregor Anderluh and Jeremy H Lakey},
   journal     = {J. Am. Chem. Soc.},
   title       = {Single Peptide Bonds Exhibit Poly(Pro)II ("Random Coil") Circular Dichroism Spectra},
   number      = {27},
   pages       = {9700--9701},
   volume      = {127},
   year        = {2005},
   local-url   = {file://localhost/Volumes/Home/benb/Data/Papers/Journal\%20of\%20the\%20American\%20Chemical\%20Society/Journal\%20of\%20the\%20American\%20Chemical\%20Society\%202005,\%20127,\%209700-9701.pdf},
}


@article{Holzwarth:65:218,
   author      = {G Holzwarth and P Doty},
   journal     = {J. Am. Chem. Soc.},
   title       = {The Ultraviolet Circular Dichroism of Polypeptides},
   number      = {2},
   pages       = {218--228},
   volume      = {87},
   year        = {1965},
   local-url   = {file://localhost/Volumes/Home/benb/Data/Papers/Journal\%20of\%20the\%20American\%20Chemical\%20Society/Journal\%20of\%20the\%20American\%20Chemical\%20Society\%201965,\%2087,\%20218-228.pdf},
}


@article{Hobza:99:3247,
   author      = {P Hobza and J Sponer},
   journal     = {Chem. Rev.},
   title       = {Structure, Energetics, and Dynamics of the Nucleic Acid Base Pairs: Nonempirical \emph{Ab Initio} {\ldots}},
   pages       = {3247--3276},
   volume      = {99},
   year        = {1999},
   local-url   = {file://localhost/Volumes/Home/benb/Data/Papers/Chemical\%20Reviews/Chemical\%20Reviews\%201999,\%2099,\%203247-3276.pdf},
}


@article{Tomasulo:05:5695,
   author      = {M Tomasulo and D M Naistat and A White and David J Williams},
   journal     = {Tetrahedron Lett.},
   title       = {Self-assembly of naphthalene diimides into cylindrical microstructures},
   pages       = {5695--5698},
   volume      = {46},
   year        = {2005},
   local-url   = {file://localhost/Volumes/Home/benb/Data/Papers/Tetrahedron\%20Letters/Tetrahedron\%20Letters\%202005,\%2046,\%205695-5698.pdf},
}


@book{Verma:98,
   author      = {R S Verma},
   publisher   = {Elsevier Science},
   title       = {Advances in Genome Biology},
   address     = {New York},
   year        = {1998},
}


@article{Riazance:85:4983,
   author      = {J H Riazance and W A Baase and Johnson, Jr., W C and K Hall and P Cruz and Ignacio Tinoco},
   journal     = {Nucleic Acids Res.},
   title       = {Evidence for Z-form RNA by Vacuum UV Circular Dichroism},
   number      = {13},
   pages       = {4983--4989},
   volume      = {13},
   year        = {1985},
   local-url   = {file://localhost/Volumes/Home/benb/Data/Papers/Nucleic\%20Acids\%20Research/Nucleic\%20Acids\%20Research\%201985,\%2013,\%204983-4989.pdf},
}


@article{Caldwell:84:1891,
   author      = {J W Caldwell and Jon Applequist},
   journal     = {Biopolymers},
   title       = {Theoretical $\pi\rightarrow\pi^*$ Absorption, Circular Dichroic, and Linear Dichroic Spectra of Collagen Triple Helices},
   number      = {10},
   pages       = {1891--1904},
   volume      = {23},
   year        = {1984},
   local-url   = {file://localhost/Volumes/Home/benb/Data/Papers/Biopolymers/Biopolymers\%201984,\%2023,\%201891-1904.pdf},
}


@article{Challis:95,
   author      = {J Challis},
   journal     = {Journal of Biomechanics},
   title       = {A procedure for determining rigid body transformation parameters},
   year        = {1995},
   local-url   = {file://localhost/Volumes/Home/benb/Data/Papers/Journal\%20of\%20Biomechanics/Journal\%20of\%20Biomechanics\%201995.pdf},
}


@article{Sebek:06:4702,
   author      = {J {\v S}ebek and Zeden{\v e}k Kej{\'\i}k and P Bour},
   journal     = {J. Phys. Chem. A},
   title       = {Geometry and solvent dependence of the electronic spectra of the amide group and consequences for peptide circular dichroism},
   number      = {14},
   pages       = {4702--4711},
   volume      = {110},
   year        = {2006},
   local-url   = {file://localhost/Volumes/Home/benb/Data/Papers/J.\%20Phys.\%20Chem.\%20A/J.\%20Phys.\%20Chem.\%20A\%202006,\%20110,\%204702-4711.pdf},
}


@article{Nogales:98:451,
   author      = {E Nogales and K H Downing and L A Amos and J L{\"o}we},
   journal     = {Nature Struct. Biol.},
   title       = {Tubulin and FtsZ Form a Distinct Family of GTPases},
   number      = {6},
   pages       = {451--458},
   volume      = {5},
   year        = {1998},
   local-url   = {file://localhost/Volumes/Home/benb/Data/Papers/Nature\%20Structural\%20Biology/Nature\%20Structural\%20Biology\%201998,\%205,\%20451-458.pdf},
}


@article{Ham:03:1451,
   author      = {S Y Ham and S Cha and J H Choi and M Cho},
   journal     = {J. Chem. Phys.},
   title       = {Amide I modes of tripeptides: Hessian matrix reconstruction and isotope effects},
   number      = {3},
   pages       = {1451--1461},
   volume      = {119},
   year        = {2003},
   local-url   = {file://localhost/Volumes/Home/benb/Data/Papers/Journal\%20of\%20Chemical\%20Physics/Journal\%20of\%20Chemical\%20Physics\%202003,\%20119,\%201451-1461.pdf},
}


@article{Rosenfeld:28:161,
   author      = {L Rosenfeld},
   journal     = {Z. Phys.},
   title       = {Quantenmechanische Theorie der nat{\"u}rlichen optischen Aktivit{\"a}t von Fl{\"u}ssigkeiten und Gasen [Quantum Mechanical Theory of the Optical Activity of Liquids and Gases]},
   pages       = {161--174},
   volume      = {52},
   year        = {1928},
}


@article{Motta:05:14170,
   author      = {A Motta and M Reches and L Pappalardo and G Andreotti and E Gazit},
   journal     = {Biochemistry},
   title       = {The preferred conformation of the tripeptide Ala-Phe-Ala in water is an inverse gamma-turn: Implications for protein folding and drug design},
   number      = {43},
   pages       = {14170--14178},
   volume      = {44},
   year        = {2005},
   local-url   = {file://localhost/Volumes/Home/benb/Data/Papers/Biochemistry/Biochemistry\%202005,\%2044,\%2014170-14178.pdf},
}


@article{Shi:05:17964,
   author      = {Zhengshuang S Shi and Kang Chen and Zhigang Liu and Angela Ng and W C Bracken and Neville R Kallenbach},
   journal     = {Proc. Natl. Acad. Sci. U. S. A.},
   title       = {Polyproline II propensities from GGXGG peptides reveal an anticorrelation with $\beta$-sheet scales},
   number      = {50},
   pages       = {17964--17968},
   volume      = {102},
   year        = {2005},
   local-url   = {file://localhost/Volumes/Home/benb/Data/Papers/Proceedings\%20of\%20the\%20National\%20Academy\%20of\%20Sciences\%20of.../Proceedings\%20of\%20the\%20National\%20Academy\%20of\%20Sciences\%20of\%20the\%20United\%20States\%20of\%20America\%202005,\%20102,\%2017964-17968.pdf},
}


@article{Carlson:05:5463,
   author      = {Kristine L Carlson and Stephen L Lowe and Mark R Hoffmann and Kathryn A Thomasson},
   journal     = {J. Phys. Chem. A},
   title       = {Theoretical UV Circular Dichroism of Aliphatic Cyclic Dipeptides},
   number      = {24},
   pages       = {5463--5470},
   volume      = {109},
   year        = {2005},
   local-url   = {file://localhost/Volumes/Home/benb/Data/Papers/J.\%20Phys.\%20Chem.\%20A/J.\%20Phys.\%20Chem.\%20A\%202005,\%20109,\%205463-5470.pdf},
}


@article{Kirkwood:37:479,
   author      = {John G Kirkwood},
   journal     = {J. Chem. Phys.},
   title       = {On the Theory of Optical Rotatory Power},
   number      = {6},
   pages       = {479--491},
   volume      = {5},
   year        = {1937},
   local-url   = {file://localhost/Volumes/Home/benb/Data/Papers/Journal\%20of\%20Chemical\%20Physics/Journal\%20of\%20Chemical\%20Physics\%201937,\%205,\%20479-491.pdf},
}


@article{Kaul:02:2,
   author      = {P Kaul and H A Sathish and V Prakash},
   journal     = {Nahrung},
   title       = {Effect of metal ions on structure and activity of papain from Carica papaya},
   number      = {1},
   pages       = {2--6},
   volume      = {46},
   year        = {2002},
   local-url   = {file://localhost/Volumes/Home/benb/Data/Papers/Nahrung/Nahrung\%202002,\%2046,\%202-6.pdf},
}


@article{Diedrich:03:2524,
   author      = {C Diedrich and S Grimme},
   journal     = {J. Phys. Chem. A},
   title       = {Systematic investigation of modern quantum chemical methods to predict electronic circular dichroism spectra},
   number      = {14},
   pages       = {2524--2539},
   volume      = {107},
   year        = {2003},
   local-url   = {file://localhost/Volumes/Home/benb/Data/Papers/J.\%20Phys.\%20Chem.\%20A/J.\%20Phys.\%20Chem.\%20A\%202003,\%20107,\%202524-2539.pdf},
}


@article{Melville:04:1410,
   author      = {James L Melville and Benjamin I Andrews and Barry Lygo and Jonathan D Hirst},
   journal     = {Chem. Commun. (Cambridge, U. K.)},
   title       = {Computational screening of combinatorial catalyst libraries},
   number      = {12},
   pages       = {1410--1411},
   year        = {2004},
   local-url   = {file://localhost/Volumes/Home/benb/Data/Papers/Chemical\%20Communications\%20(Cambridge\%20United\%20Kingdom.../Chemical\%20Communications\%20(Cambridge\%20United\%20Kingdom)\%202004,\%20,\%201410-1411.pdf},
}


@article{Rodger:02:4051,
   author      = {Alison Rodger and J Rajendra and Rachel Marrington and Malin Ardhammar and Bengt Nord{\'e}n and Jonathan D Hirst and Andrew T B Gilbert and Timothy R Dafforn and David J Halsall and C A Woolhead and C Robinson and T J T Pinheiro and J Kazlauskaite and M Seymour and N Perez and M J Hannon},
   journal     = {Phys. Chem. Chem. Phys.},
   title       = {Flow Oriented Linear Dichroism to Probe Protein Orientation in Membrane Environments},
   number      = {16},
   pages       = {4051--4057},
   volume      = {4},
   year        = {2002},
   local-url   = {file://localhost/Volumes/Home/benb/Data/Papers/Physical\%20Chemistry\%20Chemical\%20Physics/Physical\%20Chemistry\%20Chemical\%20Physics\%202002,\%204,\%204051-4057.pdf},
}


@article{Hirst:95:7614,
   author      = {Jonathan D Hirst and Brooks, III, Charles L},
   journal     = {Biochemistry},
   title       = {Molecular Dynamics Simulations of Isolated Helices of Myoglobin},
   number      = {23},
   pages       = {7614--7621},
   volume      = {34},
   year        = {1995},
   local-url   = {file://localhost/Volumes/Home/benb/Data/Papers/Biochemistry/Biochemistry\%201995,\%2034,\%207614-7621.pdf},
}


@article{Urnes:61:401,
   author      = {P Urnes and P Doty},
   journal     = {Adv. Protein Chem.},
   title       = {Optical Rotation and the Conformation of Polypeptides and Proteins},
   pages       = {401--544},
   volume      = {16},
   year        = {1961},
}


@article{So:07:1776,
   author      = {R So and S Alavi},
   journal     = {J. Comput. Chem.},
   title       = {Vertical excitation energies for ribose and deoxyribose nucleosides.},
   pages       = {1776--1782},
   volume      = {28},
   year        = {2007},
   local-url   = {file://localhost/Volumes/Home/benb/Data/Papers/Journal\%20of\%20Computational\%20Chemistry/Journal\%20of\%20Computational\%20Chemistry\%202007,\%2028,\%201776-1782.pdf},
}


@article{Roos:96:257,
   author      = {Bj{\"o}rn O Roos and Kerstin Andersson and Markus P F{\"u}lscher and Luis Serrano-Andr{\'e}s and Kristine Pierloot and Manuela Merch{\'a}n and Vincent Molina},
   journal     = {J. Mol. Struct. -- THEOCHEM},
   title       = {Applications of level shift corrected perturbation theory in electronic spectroscopy},
   pages       = {257--276},
   volume      = {388},
   year        = {1996},
   local-url   = {file://localhost/Volumes/Home/benb/Data/Papers/Journal\%20of\%20Molecular\%20Structure\%20(THEOCHEM)/Journal\%20of\%20Molecular\%20Structure\%20(THEOCHEM)\%201996,\%20388,\%20257-276.pdf},
}


@article{Bethune:93:605,
   author      = {D S Bethune and C H Kiang and de Vries, M S and G Gorman and R Savoy and J Vazques and R Beyers},
   journal     = {Nature},
   title       = {Cobalt-Catalysed Growth of Carbon Nanotubes with Single-Atomic-Layer Walls},
   number      = {6430},
   pages       = {605--607},
   volume      = {363},
   year        = {1993},
   local-url   = {file://localhost/Volumes/Home/benb/Data/Papers/Nature/Nature\%201993,\%20363,\%20605-607.pdf},
}


@book{Cantor:80,
   author      = {Charles R Cantor and Paul R Schimmel},
   publisher   = {W.H. Freeman},
   title       = {Biophysical Chemistry},
   address     = {San Francisco},
   year        = {1980},
}


@article{Brooks:92:375,
   author      = {Brooks, III, Charles L},
   journal     = {J. Mol. Biol.},
   title       = {Characterization of "Native" Apomyoglobin by Molecular Dynamics Simulation},
   number      = {2},
   pages       = {375--380},
   volume      = {227},
   year        = {1992},
   local-url   = {file://localhost/Volumes/Home/benb/Data/Papers/Journal\%20of\%20Molecular\%20Biology/Journal\%20of\%20Molecular\%20Biology\%201992,\%20227,\%20375-380.pdf},
}


@article{Bowman:83:1045,
   author      = {Richard L Bowman and Martin Kellerman and Johnson, Jr., W C},
   journal     = {Biopolymers},
   title       = {Optical Properties of Cyclic Dimers of Amino Acids: An Experimental and Theoretical Study},
   number      = {4},
   pages       = {1045--1070},
   volume      = {22},
   year        = {1983},
   local-url   = {file://localhost/Volumes/Home/benb/Data/Papers/Biopolymers/Biopolymers\%201983,\%2022,\%201045-1070.pdf},
}


@article{Rogers:04:234,
   author      = {David M Rogers and Jonathan D Hirst},
   journal     = {Chirality},
   title       = {Calculations of Protein Circular Dichroism from First Principles},
   number      = {4},
   pages       = {234--243},
   volume      = {16},
   year        = {2004},
   local-url   = {file://localhost/Volumes/Home/benb/Data/Papers/Chirality/Chirality\%202004,\%2016,\%20234-243.pdf},
}


@article{Orengo:97:1093,
   author      = {C A Orengo and A D Michie and S Jones and D T Jones and M B Swindells and J M Thornton},
   journal     = {Structure},
   title       = {CATH -- A Hierarchic Classification of Protein Domain Structures},
   number      = {8},
   pages       = {1093--1108},
   volume      = {5},
   year        = {1997},
   local-url   = {file://localhost/Volumes/Home/benb/Data/Papers/Structure/Structure\%201997,\%205,\%201093-1108.pdf},
}


@article{Bayley:69:228,
   author      = {Peter M Bayley and Eigil B Nielsen and John A Schellman},
   journal     = {J. Phys. Chem.},
   title       = {The Rotatory Properties of Molecules Containing Two Peptide Groups},
   number      = {1},
   pages       = {228--243},
   volume      = {73},
   year        = {1969},
   local-url   = {file://localhost/Volumes/Home/benb/Data/Papers/Journal\%20of\%20Physical\%20Chemistry/Journal\%20of\%20Physical\%20Chemistry\%201969,\%2073,\%20228-243.pdf},
}


@article{Gray:80:1095,
   author      = {N A B Gray and R E Carhart and A Lavanchy and D H Smith and T Varkony and Bruce G Buchanan and W C White and L Creary},
   journal     = {Anal. Chem.},
   title       = {Computerized Mass-Spectrum Prediction and Ranking},
   number      = {7},
   pages       = {1095--1102},
   volume      = {52},
   year        = {1980},
   local-url   = {file://localhost/Volumes/Home/benb/Data/Papers/Analytical\%20Chemistry/Analytical\%20Chemistry\%201980,\%2052,\%201095-1102.pdf},
}


@article{Wada:64:853,
   author      = {A Wada and S Kozawa},
   journal     = {Journal of Polymer Science Part A: General Papers},
   title       = {Instrument for the Studies of Differential Flow Dichroism of Polymer Solutions},
   pages       = {853--864},
   volume      = {2},
   year        = {1964},
   local-url   = {file://localhost/Volumes/Home/benb/Data/Papers/Journal\%20of\%20Polymer\%20Science\%20Part\%20A\%20General\%20Papers/Journal\%20of\%20Polymer\%20Science\%20Part\%20A\%20General\%20Papers\%201964,\%202,\%20853-864.pdf},
}


@article{Li:07:29,
   author      = {Zhenyu Li and Darius Abramavicius and W Zhuang and Shaul Mukamel},
   journal     = {Chem. Phys.},
   title       = {Two-Dimensional Electronic Correlation Spectroscopy of the $n\pi^*$ and $\pi\pi^*$ Protein Backbone Transitions: A Simulation Study},
   pages       = {29--36},
   volume      = {341},
   year        = {2007},
   local-url   = {file://localhost/Volumes/Home/benb/Data/Papers/Chemical\%20Physics/Chemical\%20Physics\%202007,\%20341,\%2029-36.pdf},
}


@article{Snatzke:68:14,
   author      = {G{\"u}nther Snatzke},
   journal     = {Angew. Chem. Int. Ed.},
   title       = {Circular Dichroism and Optical Rotatory Dispersion. Principles and Application to the Investigation of the Stereochemistry of Natural Products},
   number      = {1},
   pages       = {14--25},
   volume      = {7},
   year        = {1968},
   local-url   = {file://localhost/Volumes/Home/benb/Data/Papers/Angew.\%20Chem.\%20Int.\%20Ed./Angew.\%20Chem.\%20Int.\%20Ed.\%201968,\%207,\%2014-25.pdf},
}


@article{Hirst:96:657,
   author      = {Jonathan D Hirst and Michal Vieth and J Skolnick and Brooks, III, Charles L},
   journal     = {Protein Eng.},
   title       = {Predicting leucine zipper structures from sequence},
   number      = {8},
   pages       = {657--662},
   volume      = {9},
   year        = {1996},
   local-url   = {file://localhost/Volumes/Home/benb/Data/Papers/Protein\%20Engineering/Protein\%20Engineering\%201996,\%209,\%20657-662.pdf},
}


@book{Demchenko:86,
   author      = {A P Demchenko},
   publisher   = {Springer},
   title       = {Ultraviolet Spectroscopy of Proteins},
   address     = {Berlin},
   year        = {1986},
   local-url   = {file://localhost/Volumes/Home/benb/Data/Papers/Springer/Springer\%201986,\%20Berlin.pdf},
}


@article{Chin:02:15416,
   author      = {Der-Hang Chin and Robert W Woody and Carol A Rohl and Robert L Baldwin},
   journal     = {Proc. Natl. Acad. Sci. U. S. A.},
   title       = {Circular dichroism spectra of short, fixed-nucleus alanine helices},
   number      = {24},
   pages       = {15416--15421},
   volume      = {99},
   year        = {2002},
   local-url   = {file://localhost/Volumes/Home/benb/Data/Papers/Proceedings\%20of\%20the\%20National\%20Academy\%20of\%20Sciences\%20of.../Proceedings\%20of\%20the\%20National\%20Academy\%20of\%20Sciences\%20of\%20the\%20United\%20States\%20of\%20America\%202002,\%2099,\%2015416-15421.pdf},
}


@article{Melville:05:971,
   author      = {James L Melville and Kevin R J Lovelock and Claire Wilson and Bryan Allbutt and Edmund K Burke and Barry Lygo and Jonathan D Hirst},
   journal     = {J. Chem. Inf. Model.},
   title       = {Exploring Phase-Transfer Catalysis with Molecular Dynamics and 3D/4D Quantitative Structure-Selectivity Relationships},
   number      = {4},
   pages       = {971--981},
   volume      = {45},
   year        = {2005},
   local-url   = {file://localhost/Volumes/Home/benb/Data/Papers/Journal\%20of\%20Chemical\%20Information\%20and\%20Modeling/Journal\%20of\%20Chemical\%20Information\%20and\%20Modeling\%202005,\%2045,\%20971-981.pdf},
}


@article{Bode:97:855,
   author      = {Kimberly A Bode and Jon Applequist},
   journal     = {Biopolymers},
   title       = {Helix Bundles and Coiled Coils in $\alpha$-Spectrin and Tropomyosin: A Theoretical CD Study},
   number      = {7},
   pages       = {855--860},
   volume      = {42},
   year        = {1997},
   local-url   = {file://localhost/Volumes/Home/benb/Data/Papers/Biopolymers/Biopolymers\%201997,\%2042,\%20855-860.pdf},
}


@manual{Barthel:07:416,
   author      = {Daniel Barthel and Jonathan D Hirst and Jacek B{\l}a{\.z}ewicz and Natalio Krasnogor},
   journal     = {BMC Bioinf.},
   title       = {ProCKSI: A Decision Support System for Protein (Structure) Comparison, Knowledge, Similarity and Information},
   pages       = {416--437},
   volume      = {8},
   year        = {2007},
   local-url   = {file://localhost/Volumes/Home/benb/Data/Papers/BMC\%20Bioinformatics/BMC\%20Bioinformatics\%202007,\%208,\%20416-437.pdf},
}


@article{Zazakowny:09:55,
   author      = {P Zazakowny and M T Pawlikowski and M Sterzel},
   journal     = {Chem. Phys. Lett.},
   title       = {The Vibronic Structures of Absorption and Magnetic Circular Dichroism (MCD) in the Low Energy 1$^1$B$_{2u}$ and 1$^1$B$_{3u}$ states of 1,4,5,8-Naphthalenetetracarboxy dianhydride. The Analysis in Terms of DFT and CASSCF Methods},
   number      = {1-3},
   pages       = {55--59},
   volume      = {472},
   year        = {2009},
   local-url   = {file://localhost/Volumes/Home/benb/Data/Papers/Chemical\%20Physics\%20Letters/Chemical\%20Physics\%20Letters\%202009,\%20472,\%2055-59.pdf},
}


@article{Sreerama:00:252,
   author      = {Narasimha Sreerama and Robert W Woody},
   journal     = {Anal. Biochem.},
   title       = {Estimation of Protein Secondary Structure from Circular Dichroism Spectra: Comparison of CONTIN, SELCON, and CDSSTR Methods with an Expanded Reference Set},
   number      = {2},
   pages       = {252--260},
   volume      = {287},
   year        = {2000},
   local-url   = {file://localhost/Volumes/Home/benb/Data/Papers/Analytical\%20Biochemistry/Analytical\%20Biochemistry\%202000,\%20287,\%20252-260.pdf},
}


@article{Schreiber:01:571,
   author      = {M Schreiber and R Vahrenhorst and V Buss and Markus P F{\"u}lscher},
   journal     = {Chirality},
   title       = {\emph{Ab Initio} (CASPT2) Excited State Calculations, Including Circular Dichroism, of Helically Twisted Cyanine Dyes},
   number      = {9},
   pages       = {571--576},
   volume      = {13},
   year        = {2001},
   local-url   = {file://localhost/Volumes/Home/benb/Data/Papers/Chirality/Chirality\%202001,\%2013,\%20571-576.pdf},
}


@article{Bouvier:03:13512,
   author      = {B Bouvier and JP Dognon and R Lavery and D Markovitsi and P Milli{\'e} and D Onidas and K Zakrzewska},
   journal     = {J. Phys. Chem. B},
   title       = {Influence of Conformational Dynamics on the Exciton States of DNA Oligomers},
   number      = {48},
   pages       = {13512--13522},
   volume      = {107},
   year        = {2003},
   local-url   = {file://localhost/Volumes/Home/benb/Data/Papers/Journal\%20of\%20Physical\%20Chemistry\%20B/Journal\%20of\%20Physical\%20Chemistry\%20B\%202003,\%20107,\%2013512-13522.pdf},
}


@article{Lowe:03:189,
   author      = {Stephen L Lowe and R R Pandey and J Czlapinski and G Kie-Adams and Mark R Hoffmann and Kathryn A Thomasson and K S Pierce},
   journal     = {J. Pept. Res.},
   title       = {Dipole Interaction Model Predicted $\pi\pi^*$ Circular Dichroism of Cyclo(L-Pro)$_3$ Using Structures Created by Semi-Empirical, \emph{ab initio}, and Molecular Mechanics Methods},
   number      = {4},
   pages       = {189--201},
   volume      = {61},
   year        = {2003},
   local-url   = {file://localhost/Volumes/Home/benb/Data/Papers/Journal\%20of\%20Peptide\%20Research/Journal\%20of\%20Peptide\%20Research\%202003,\%2061,\%20189-201.pdf},
}


@article{Stajich:02:1611,
   author      = {Jason E Stajich and David Block and Kris Boulez and Steven E Brenner and Stephen A Chervitz and Chris Dagdigian and Georg Fuellen and James G R Gilbert and Ian Korf and Hilmar Lapp and Heikki Lehv{\"a}slaiho and Chad Matsalla and Chris J Mungall and Brian I Osborne and Matthew R Pocock and Peter Schattner and Martin Senger and Lincoln D Stein and Elia Stupka and Mark D Wilkinson and Ewan Birney},
   journal     = {Genome Res.},
   title       = {The {BioPerl} Toolkit: Perl Modules for the Life Sciences},
   number      = {10},
   pages       = {1611--1618},
   volume      = {12},
   year        = {2002},
   local-url   = {file://localhost/Volumes/Home/benb/Data/Papers/Genome\%20Res/Genome\%20Res\%202002,\%2012,\%201611-1618.pdf},
}


@article{Adachi:07:8978,
   author      = {R Adachi and K Yamaguchi and H Yagi and K Sakurai and H Naiki and Yuji Goto},
   journal     = {J. Biol. Chem.},
   title       = {Flow-Induced Alignment of Amyloid Protofilaments Revealed by Linear Dichroism},
   number      = {12},
   pages       = {8978--8983},
   volume      = {282},
   year        = {2007},
   local-url   = {file://localhost/Volumes/Home/benb/Data/Papers/Journal\%20of\%20Biological\%20Chemistry/Journal\%20of\%20Biological\%20Chemistry\%202007,\%20282,\%208978-8983.pdf},
}


@article{Holm:93:123,
   author      = {L Holm and C Sander},
   journal     = {J. Mol. Biol.},
   title       = {Protein-Structure Comparison by Alignment of Distance Matrices (http://www.ebi.ac.uk/dali/)},
   number      = {1},
   pages       = {123--138},
   volume      = {233},
   year        = {1993},
   local-url   = {file://localhost/Volumes/Home/benb/Data/Papers/Journal\%20of\%20Molecular\%20Biology/Journal\%20of\%20Molecular\%20Biology\%201993,\%20233,\%20123-138.pdf},
}


@article{Thomasson:91:529,
   author      = {Kathryn A Thomasson and Jon Applequist},
   journal     = {Biopolymers},
   title       = {Effects of Proline Ring Conformation on Theoretical $\pi\pi^*$ Absorption and CD Spectra of Helical Poly (L-Proline) Forms I and II},
   number      = {5},
   pages       = {529--535},
   volume      = {31},
   year        = {1991},
   local-url   = {file://localhost/Volumes/Home/benb/Data/Papers/Biopolymers/Biopolymers\%201991,\%2031,\%20529-535.pdf},
}


@article{Pearl:05:D247,
   author      = {F Pearl and A K Todd and I Sillitoe and M Dibley and O Redfern and T Lewis and C Bennett and R Marsden and A Grant and D Lee and A Akpor and M Maibaum and A Harrison and T Dallman and G Reeves and I Diboun and S Addou and S Lise and C Johnston and A Sillero and J M Thornton and C A Orengo},
   journal     = {Nucleic Acids Res.},
   title       = {The CATH Domain Structure Database and Related Resources Gene3D and DHS Provide Comprehensive Domain Family Information for Genome Analysis},
   number      = {1},
   pages       = {D247--D251},
   volume      = {33},
   year        = {2005},
   local-url   = {file://localhost/Volumes/Home/benb/Data/Papers/Nucleic\%20Acids\%20Research/Nucleic\%20Acids\%20Research\%202005,\%2033,\%20D247-D251.pdf},
}


@article{Oakley:07:3274,
   author      = {Mark T Oakley and G Guichard and Jonathan D Hirst},
   journal     = {J. Phys. Chem. B},
   title       = {Calculations on the Electronic Excited States of Ureas and Oligoureas},
   number      = {12},
   pages       = {3274--3279},
   volume      = {111},
   year        = {2007},
   local-url   = {file://localhost/Volumes/Home/benb/Data/Papers/Journal\%20of\%20Physical\%20Chemistry\%20B/Journal\%20of\%20Physical\%20Chemistry\%20B\%202007,\%20111,\%203274-3279.pdf},
}


@article{Ding:03:8092,
   author      = {L Ding and K Chen and P A Santini and Zhengshuang S Shi and Neville R Kallenbach},
   journal     = {J. Am. Chem. Soc.},
   title       = {The pentapeptide GGAGG has PII conformation},
   number      = {27},
   pages       = {8092--8093},
   volume      = {125},
   year        = {2003},
   local-url   = {file://localhost/Volumes/Home/benb/Data/Papers/Journal\%20of\%20the\%20American\%20Chemical\%20Society/Journal\%20of\%20the\%20American\%20Chemical\%20Society\%202003,\%20125,\%208092-8093.pdf},
}


@article{Goux:80:7080,
   author      = {W J Goux and T M Hooker},
   journal     = {J. Am. Chem. Soc.},
   title       = {CHIROPTICAL PROPERTIES OF PROTEINS .1. NEAR-ULTRAVIOLET CIRCULAR-DICHROISM OF RIBONUCLEASE-S},
   number      = {23},
   pages       = {7080--7087},
   volume      = {102},
   year        = {1980},
   local-url   = {file://localhost/Volumes/Home/benb/Data/Papers/Journal\%20of\%20the\%20American\%20Chemical\%20Society/Journal\%20of\%20the\%20American\%20Chemical\%20Society\%201980,\%20102,\%207080-7087.pdf},
}


@article{Turner:92:334,
   author      = {Douglas H Turner},
   journal     = {Curr. Opin. Struct. Biol.},
   title       = {Bulges in Nucleic Acids},
   number      = {3},
   pages       = {334--337},
   volume      = {2},
   year        = {1992},
   local-url   = {file://localhost/Volumes/Home/benb/Data/Papers/Current\%20Opinion\%20in\%20Structural\%20Biology/Current\%20Opinion\%20in\%20Structural\%20Biology\%201992,\%202,\%20334-337.pdf},
}


@proceedings{Tuloup:03:174,
   author      = {M Tuloup and C Hernandez and I Coro and C Hoogland and P-A Binz and R D Appel},
   journal     = {Swiss Proteomics Society 2003 Congress: Understanding Biological Systems through Proteomics},
   title       = {Aldente and BioGraph: An improved peptide mass fingerprinting protein identification environment; http://www.expasy.org/tools/aldente/},
   pages       = {174--176},
   year        = {2003},
   local-url   = {file://localhost/Volumes/Home/benb/Data/Papers/Swiss\%20Proteomics\%20Society\%202003\%20Congress\%20Understand.../Swiss\%20Proteomics\%20Society\%202003\%20Congress\%20Understanding\%20Biological\%20Systems\%20through\%20Proteomics\%202003,\%20,\%20174-176.pdf},
}


@article{Iijima:93:603,
   author      = {S Iijima and T Ichihashi},
   journal     = {Nature},
   title       = {Single-Shell Carbon Nanotubes of 1-nm Diameter},
   number      = {6430},
   pages       = {603--605},
   volume      = {363},
   year        = {1993},
   local-url   = {file://localhost/Volumes/Home/benb/Data/Papers/Nature/Nature\%201993,\%20363,\%20603-605.pdf},
}


@article{McNeany:05:768,
   author      = {T J McNeany and Jonathan D Hirst},
   journal     = {J. Chem. Inf. Model.},
   title       = {Inhibition of the Tyrosine Kinase, Syk, Analyzed by Stepwise Nonparametric Regression},
   number      = {3},
   pages       = {768--776},
   volume      = {45},
   year        = {2005},
   local-url   = {file://localhost/Volumes/Home/benb/Data/Papers/Journal\%20of\%20Chemical\%20Information\%20and\%20Modeling/Journal\%20of\%20Chemical\%20Information\%20and\%20Modeling\%202005,\%2045,\%20768-776.pdf},
}


@article{Oakley:05:1638,
   author      = {Mark T Oakley and Jonathan M Garibaldi and Jonathan D Hirst},
   journal     = {J. Comput. Chem.},
   title       = {Lattice Models of Peptide Aggregation: Evaluation of Conformational Search Algorithms},
   number      = {15},
   pages       = {1638--1646},
   volume      = {26},
   year        = {2005},
   local-url   = {file://localhost/Volumes/Home/benb/Data/Papers/Journal\%20of\%20Computational\%20Chemistry/Journal\%20of\%20Computational\%20Chemistry\%202005,\%2026,\%201638-1646.pdf},
}


@article{Neekhara:06:1167,
   author      = {Richa Neekhara and Brijeshkunvar J Mishra and N S H N Moorthy},
   journal     = {Asian J. Chem.},
   title       = {QSAR studies of anti-malarial agents: 2,4-diamino pyrimidine derivatives},
   number      = {2},
   pages       = {1167--1173},
   volume      = {18},
   year        = {2006},
}


@article{Hirst:94:405,
   author      = {Jonathan D Hirst and Ross D King and Michael J E Sternberg},
   journal     = {J. Comput.-Aided Mol. Des.},
   title       = {Quantitative Structure-Activity Relationships by Neural Networks and Inductive Logic Programming. I. The Inhibition of Dihydrofolate Reductase by Pyrimidines},
   number      = {4},
   pages       = {405--420},
   volume      = {8},
   year        = {1994},
   local-url   = {file://localhost/Volumes/Home/benb/Data/Papers/Journal\%20of\%20Computer-Aided\%20Molecular\%20Design/Journal\%20of\%20Computer-Aided\%20Molecular\%20Design\%201994,\%208,\%20405-420.pdf},
}


@article{Kuo:03:20851,
   author      = {Mack R Kuo and Hector R Morbidoni and David Alland and Scott F Sneddon and Brian B Gourlie and Mark M Staveski and Marina Leonard and Jill S Gregory and Andrew D Janjigian and Christopher Yee and James M Musser and Barry Kreiswirth and Hiroyuki Iwamoto and Remo Perozzo and William R Jacobs and James C Sacchettini and David A Fidock},
   journal     = {J. Biol. Chem.},
   title       = {Targeting Tuberculosis and Malaria through Inhibition of Enoyl Reductase: Compound Activity and Structural Data},
   number      = {23},
   pages       = {20851--20859},
   volume      = {278},
   year        = {2003},
}


@misc{PROWL,
   author      = {Brian T Chait},
   title       = {PROWL -- Mass Spectrometry Analysis Online Tools},
   cite-key    = {PROWL},
   howpublished= {http://prowl.rockefeller.edu/prowl/prowl.html},
}


@article{Lowe:99:2364,
   author      = {J L{\"o}we and L A Amos},
   journal     = {EMBO J.},
   title       = {Tubulin-Like Protofilaments in Ca$^{2+}$-Induced FtsZ Sheets},
   number      = {9},
   pages       = {2364--2371},
   volume      = {18},
   year        = {1999},
   local-url   = {file://localhost/Volumes/Home/benb/Data/Papers/The\%20EMBO\%20Journal/The\%20EMBO\%20Journal\%201999,\%2018,\%202364-2371.pdf},
}


@manual{Karlstrom:03:222,
   author      = {Gunnar Karlstr{\"o}m and R Lindh and Per-{\AA}ke Malmqvist and Bj{\"o}rn O Roos and U Ryde and V Veryazov and Per-Olof Widmark and M Cossi and B Schimmelpfennig and P Neogrady and L Seijo},
   journal     = {Comp. Mat. Sci.},
   title       = {MOLCAS: A Program Package for Computational Chemistry},
   number      = {2},
   pages       = {222--239},
   volume      = {28},
   year        = {2003},
   local-url   = {file://localhost/Volumes/Home/benb/Data/Papers/Computational\%20Material\%20Science/Computational\%20Material\%20Science\%202003,\%2028,\%20222-239.pdf},
}


@article{Blackburne:05:154907/1,
   author      = {Benjamin P Blackburne and Jonathan D Hirst},
   journal     = {J. Chem. Phys.},
   title       = {Population Dynamics Simulations of Functional Model Proteins},
   number      = {15},
   pages       = {154907/1--154907/9},
   volume      = {123},
   year        = {2005},
   local-url   = {file://localhost/Volumes/Home/benb/Data/Papers/Journal\%20of\%20Chemical\%20Physics/Journal\%20of\%20Chemical\%20Physics\%202005,\%20123,\%201549071-1549079.pdf},
}


@article{vanStokkum:90:110,
   author      = {van Stokkum, Ivo H M and H J W Spoelder and M Bloemendal and van Grondelle, Rienk and F C A Groen},
   journal     = {Anal. Biochem.},
   title       = {Estimation of Protein Secondary Structure and Error Analysis from Circular Dichroism Spectra},
   number      = {1},
   pages       = {110--118},
   volume      = {191},
   year        = {1990},
   local-url   = {file://localhost/Volumes/Home/benb/Data/Papers/Analytical\%20Biochemistry/Analytical\%20Biochemistry\%201990,\%20191,\%20110-118.pdf},
}


@article{Manavalan:83:831,
   author      = {P Manavalan and Johnson, Jr., W C},
   journal     = {Nature},
   title       = {Sensitivity of Circular Dichroism to Protein Tertiary Structure Class},
   pages       = {831--832},
   volume      = {305},
   year        = {1983},
   local-url   = {file://localhost/Volumes/Home/benb/Data/Papers/Nature/Nature\%201983,\%20305,\%20831-832.pdf},
}


@article{Ryadnov:07:14074,
   author      = {Maxim G Ryadnov and Derek N Woolfson},
   journal     = {J. Am. Chem. Soc.},
   title       = {Self-assembled templates for polypeptide synthesis},
   number      = {45},
   pages       = {14074--14081},
   volume      = {129},
   year        = {2007},
   local-url   = {file://localhost/Volumes/Home/benb/Data/Papers/Journal\%20of\%20the\%20American\%20Chemical\%20Society/Journal\%20of\%20the\%20American\%20Chemical\%20Society\%202007,\%20129,\%2014074-14081.pdf},
}


@article{Munoz-Losa:08:034104/1,
   author      = {A Mu{\~n}oz-Losa and C Curutchet and I. Fdez Galv{\'a}n and B Mennucci},
   journal     = {J. Chem. Phys.},
   title       = {Quantum mechanical methods applied to excitation energy transfer: A comparative analysis on excitation energies and electronic couplings},
   number      = {3},
   pages       = {034104/1 -- 034104/16},
   volume      = {129},
   year        = {2008},
   local-url   = {file://localhost/Volumes/Home/benb/Data/Papers/Journal\%20of\%20Chemical\%20Physics/Journal\%20of\%20Chemical\%20Physics\%202008,\%20129,\%200341041\%20-\%2003410416.pdf},
}


@article{Hiraki:02:3460,
   author      = {K Hiraki and T Hamanaka and X G Zheng and T Shinada and J M Kim},
   journal     = {Biophys. J.},
   title       = {Bacteriorhodopsin Analog Regenerated with 13-Desmethyl-13-Iodoretinal},
   pages       = {3460--3469},
   volume      = {83},
   year        = {2002},
   local-url   = {file://localhost/Volumes/Home/benb/Data/Papers/Biophysical\%20Journal/Biophysical\%20Journal\%202002,\%2083,\%203460-3469.pdf},
}


@article{Woody:09:8234,
   author      = {Robert W Woody},
   journal     = {J. Am. Chem. Soc.},
   title       = {Circular Dichroism Spectrum of Peptides in the Poly(Pro)II conformation},
   number      = {23},
   pages       = {8234--8245},
   volume      = {131},
   year        = {2009},
   local-url   = {file://localhost/Volumes/Home/benb/Data/Papers/Journal\%20of\%20the\%20American\%20Chemical\%20Society/Journal\%20of\%20the\%20American\%20Chemical\%20Society\%202009,\%20131,\%208234-8245.pdf},
}


@book{Pope:99,
   author      = {M Pope and C E Swenberg},
   publisher   = {Oxford University Press},
   title       = {Electronic Processes in Organic Crystals and Polymers},
   edition     = {2},
   address     = {New York},
   year        = {1999},
}


@article{Ridley:73:111,
   author      = {J Ridley and M Zerner},
   journal     = {Theor. Chim. Acta},
   title       = {Intermediate Neglect of Differential Overlap Technique for Spectroscopy -- Pyrrole and Azines},
   number      = {2},
   pages       = {111--134},
   volume      = {32},
   year        = {1973},
   local-url   = {file://localhost/Volumes/Home/benb/Data/Papers/Theoretica\%20Chimica\%20Acta/Theoretica\%20Chimica\%20Acta\%201973,\%2032,\%20111-134.pdf},
}


@article{Andersson:90:5483,
   author      = {Kerstin Andersson and Per-{\AA}ke Malmqvist and Bj{\"o}rn O Roos and A J Sadlej and K Wolinski},
   journal     = {J. Phys. Chem.},
   title       = {Second-Order Perturbation Theory with a CASSCF Reference Function},
   number      = {14},
   pages       = {5483--5488},
   volume      = {94},
   year        = {1990},
   local-url   = {file://localhost/Volumes/Home/benb/Data/Papers/Journal\%20of\%20Physical\%20Chemistry/Journal\%20of\%20Physical\%20Chemistry\%201990,\%2094,\%205483-5488.pdf},
}


@article{Prisacariu:08:117,
   author      = {Cristina Prisacariu and Elena Scortanu},
   journal     = {High Perform. Polym.},
   title       = {Infrared dichroic studies of phase separation and orientation of dibenzyl hard segments in polyurethane},
   number      = {2},
   pages       = {117--125},
   volume      = {20},
   year        = {2008},
   local-url   = {file://localhost/Volumes/Home/benb/Data/Papers/High\%20Performance\%20Polymers/High\%20Performance\%20Polymers\%202008,\%2020,\%20117-125.pdf},
}


@article{Sternberg:94:1,
   author      = {Michael J E Sternberg and Jonathan D Hirst and Richard A Lewis and Ross D King and Ashwin Srinivasan and Stephen Muggleton},
   journal     = {Adv. Mol. Bioinf.},
   title       = {Application of Machine Learning to Protein Structure Prediction and Drug Design},
   pages       = {1--8},
   year        = {1994},
}


@article{Roos:95:215,
   author      = {Bj{\"o}rn O Roos and Kerstin Andersson},
   journal     = {Chem. Phys. Lett.},
   title       = {Multiconfigurational Perturbation Theory with Level Shift -- The Cr$_2$ Potential Revisited},
   number      = {2,3},
   pages       = {215--223},
   volume      = {245},
   year        = {1995},
   local-url   = {file://localhost/Volumes/Home/benb/Data/Papers/Chemical\%20Physics\%20Letters/Chemical\%20Physics\%20Letters\%201995,\%20245,\%20215-223.pdf},
}


@article{Weinkauf:95:11255,
   author      = {R Weinkauf and P Schanen and D Yang and S Soukara and E W Schlag},
   journal     = {J. Phys. Chem.},
   title       = {Elementary Processes in Peptides: Electron Mobility and Dissociation in Peptide Cations in the Gas Phase},
   number      = {28},
   pages       = {11255--11265},
   volume      = {99},
   year        = {1995},
   local-url   = {file://localhost/Volumes/Home/benb/Data/Papers/Journal\%20of\%20Physical\%20Chemistry/Journal\%20of\%20Physical\%20Chemistry\%201995,\%2099,\%2011255-11265.pdf},
}


@article{Dafforn:04:404,
   author      = {Timothy R Dafforn and J Rajendra and David J Halsall and L C Serpell and Alison Rodger},
   journal     = {Biophys. J.},
   title       = {Protein Fiber Linear Dichroism for Structure Determination and Kinetics in a Low-Volume, Low-Wavelength Couette Flow Cell},
   number      = {1},
   pages       = {404--410},
   volume      = {86},
   year        = {2004},
   local-url   = {file://localhost/Volumes/Home/benb/Data/Papers/Biophysical\%20Journal/Biophysical\%20Journal\%202004,\%2086,\%20404-410.pdf},
}


@article{Gilmanshin:97:3709,
   author      = {R Gilmanshin and S Williams and R H Callender and W H Woodruff and R B Dyer},
   journal     = {Proc. Natl. Acad. Sci. U. S. A.},
   title       = {Fast events in protein folding: relaxation dynamics of secondary and tertiary structure in native apomyoglobin},
   number      = {8},
   pages       = {3709--3713},
   volume      = {94},
   year        = {1997},
   local-url   = {file://localhost/Volumes/Home/benb/Data/Papers/Proceedings\%20of\%20the\%20National\%20Academy\%20of\%20Sciences\%20of.../Proceedings\%20of\%20the\%20National\%20Academy\%20of\%20Sciences\%20of\%20the\%20United\%20States\%20of\%20America\%201997,\%2094,\%203709-3713.pdf},
}


@article{Bhattacharjee:04:59,
   author      = {Apurba K Bhattacharjee and Mark G Hartell and Daniel A Nichols and Rickey P Hicks and Benjamin Stanton and van Hamont, John E and Wilbur K Milhous},
   journal     = {Eur. J. Med. Chem.},
   title       = {Structure-Activity Relationship Study of Antimalarial Indolo[2,1-b]quinazoline-6,12-Diones (Tryptanthrins). Three Dimensional Pharmacophore Modeling and Identification of New Antimalarial Candidates},
   number      = {1},
   pages       = {59--67},
   volume      = {39},
   year        = {2004},
   local-url   = {file://localhost/Volumes/Home/benb/Data/Papers/European\%20Journal\%20of\%20Medicinal\%20Chemistry/European\%20Journal\%20of\%20Medicinal\%20Chemistry\%202004,\%2039,\%2059-67.pdf},
}


@book{Case:08,
   author      = {D A Case and T A Darden and Cheatham, III, T. E. and C L Simmerling and J Wang and R E Duke and R Luo and M Crowley and Ross C Walker and W Zhang and K M Merz and B Wang and S Hayik and A Roitberg and G Seabra and I Kolossv{\'a}ry and K F Wong and F Paesani and J Vanicek and X Wu and S R Brozell and T Steinbrecher and H Gohlke and L Yang and C Tan and J Mongan and V Hornak and G Cui and D H Mathews and M G Seetin and C Sagui and V Babin and P A Kollman},
   publisher   = {University of California, San Francisco},
   title       = {Amber},
   pages       = {Amber},
   year        = {2008},
}


@article{Chen:03:8149,
   author      = {E Chen and Robert A Goldbeck and David S Kliger},
   journal     = {J. Phys. Chem. A},
   title       = {Earliest Events in Protein Folding: Submicrosecond Secondary Structure Formation in Reduced Cytochrome~\emph{c}},
   number      = {40},
   pages       = {8149--8155},
   volume      = {107},
   year        = {2003},
   local-url   = {file://localhost/Volumes/Home/benb/Data/Papers/Journal\%20of\%20Physical\%20Chemistry\%20A/Journal\%20of\%20Physical\%20Chemistry\%20A\%202003,\%20107,\%208149-8155.pdf},
}


@article{Parson:89,
   author      = {W W Parson and S Creighton and A Warshel},
   journal     = {J. Am. Chem. Soc.},
   title       = {Calculations of charge-transfer transition energies and spectroscopic properties of a molecular {\ldots}},
   year        = {1989},
   local-url   = {file://localhost/Volumes/Home/benb/Data/Papers/Journal\%20of\%20the\%20American\%20Chemical\%20Society/Journal\%20of\%20the\%20American\%20Chemical\%20Society\%201989.pdf},
}


@article{Wallace:06:1,
   author      = {Bonnie A Wallace and Lee Whitmore and Robert W Janes},
   journal     = {Proteins: Struct., Funct., Bioinf.},
   title       = {The Protein Circular Dichroism Data Bank (PCDDB): A Bioinformatics and Spectroscopic Resource; http://pcddb.cryst.bbk.ac.uk},
   number      = {1},
   pages       = {1--3},
   volume      = {63},
   year        = {2006},
   local-url   = {file://localhost/Volumes/Home/benb/Data/Papers/Proteins\%20Structure\%20Function\%20and\%20Bioinformatics/Proteins\%20Structure\%20Function\%20and\%20Bioinformatics\%202006,\%2063,\%201-3.pdf},
}


@article{Blackburne:01:1935,
   author      = {Benjamin P Blackburne and Jonathan D Hirst},
   journal     = {J. Chem. Phys.},
   title       = {Evolution of Functional Model Proteins},
   number      = {4},
   pages       = {1935--1942},
   volume      = {115},
   year        = {2001},
   local-url   = {file://localhost/Volumes/Home/benb/Data/Papers/Journal\%20of\%20Chemical\%20Physics/Journal\%20of\%20Chemical\%20Physics\%202001,\%20115,\%201935-1942.pdf},
}


@article{Serrano-Andres:96:12200,
   author      = {Luis Serrano-Andr{\'e}s and Markus P F{\"u}lscher},
   journal     = {J. Am. Chem. Soc.},
   title       = {Theoretical Study of the Electronic Spectroscopy of Peptides. 2. Glycine and \emph{N}-Acetylglycine},
   number      = {48},
   pages       = {12200--12206},
   volume      = {118},
   year        = {1996},
   local-url   = {file://localhost/Volumes/Home/benb/Data/Papers/Journal\%20of\%20the\%20American\%20Chemical\%20Society/Journal\%20of\%20the\%20American\%20Chemical\%20Society\%201996,\%20118,\%2012200-12206.pdf},
}


@article{Hemmerlin:02:3692,
   author      = {C Hemmerlin and M Marraud and D Rognan and R Graff and V Semetey and J P Briand and G Guichard},
   journal     = {Helv. Chim. Acta},
   title       = {Helix-forming oligoureas: Temperature-dependent NMR, structure determination, and circular dichroism of a nonamer with functionalized side chains},
   number      = {11},
   pages       = {3692--3711},
   volume      = {85},
   year        = {2002},
   local-url   = {file://localhost/Volumes/Home/benb/Data/Papers/Helvetica\%20Chimica\%20Acta/Helvetica\%20Chimica\%20Acta\%202002,\%2085,\%203692-3711.pdf},
}


@article{Andrew:02:12706,
   author      = {C D Andrew and Samita Bhattacharjee and N Kokkoni and Jonathan D Hirst and G R Jones and A J Doig},
   journal     = {J. Am. Chem. Soc.},
   title       = {Stabilizing Interactions between Aromatic and Basic Side Chains in $\alpha$-Helical Peptides and Proteins. Tyrosine Effects on Helix Circular Dichroism},
   number      = {43},
   pages       = {12706--12714},
   volume      = {124},
   year        = {2002},
   local-url   = {file://localhost/Volumes/Home/benb/Data/Papers/Journal\%20of\%20the\%20American\%20Chemical\%20Society/Journal\%20of\%20the\%20American\%20Chemical\%20Society\%202002,\%20124,\%2012706-12714.pdf},
}


@article{Kurapkat:97:267,
   author      = {G{\"u}nther Kurapkat and Peter Kr{\"u}ger and Axel Wollmer and J{\"o}rg Fleischhauer and Bernd Kramer and Elke Zobel and Axel Koslowski and Henrik Botterweck and Robert W Woody},
   journal     = {Biopolymers},
   title       = {Calculations of the CD Spectrum of Bovine Pancreatic Ribonuclease},
   number      = {3},
   pages       = {267--287},
   volume      = {41},
   year        = {1997},
   local-url   = {file://localhost/Volumes/Home/benb/Data/Papers/Biopolymers/Biopolymers\%201997,\%2041,\%20267-287.pdf},
}


@article{Applequist:79:1240,
   author      = {Jon Applequist and K R Sundberg and M L Olson and L C Weiss},
   journal     = {J. Chem. Phys.},
   title       = {A Normal Mode Treatment of Optical Properties of a Classical Coupled Dipole Oscillator System with Lorentzian Band Shapes},
   number      = {3},
   pages       = {1240--1246},
   volume      = {70},
   year        = {1979},
   local-url   = {file://localhost/Volumes/Home/benb/Data/Papers/Journal\%20of\%20Chemical\%20Physics/Journal\%20of\%20Chemical\%20Physics\%201979,\%2070,\%201240-1246.pdf},
}


@article{Applequist:00:7133,
   author      = {Jon Applequist},
   journal     = {J. Phys. Chem. A},
   title       = {Electronic Normal Modes and Polarization Waves in Translational Polymer Helices. Application to Fully Extended Poly[(R)-$\beta$-Aminobutyric Acid] Chains},
   number      = {30},
   pages       = {7133--7139},
   volume      = {104},
   year        = {2000},
   local-url   = {file://localhost/Volumes/Home/benb/Data/Papers/J.\%20Phys.\%20Chem.\%20A/J.\%20Phys.\%20Chem.\%20A\%202000,\%20104,\%207133-7139.pdf},
}


@book{Press:92,
   author      = {W H Press and B P Flannery and S A Teukolsky and W T Vetterling},
   publisher   = {Cambridge University Press},
   title       = {Numerical Recipes in FORTRAN 77: The Art of Scientific Computing},
   edition     = {2},
   address     = {Cambridge},
   year        = {1992},
   local-url   = {file://localhost/Volumes/Home/benb/Data/Papers/Cambridge\%20University\%20Press/Cambridge\%20University\%20Press\%201992,\%20Cambridge.pdf},
}


@article{Compton:86:155,
   author      = {L A Compton and Johnson, Jr., W C},
   journal     = {Anal. Biochem.},
   title       = {Analysis of Protein Circular Dichroism Spectra for Secondary Structure using a Simple Matrix Multiplication},
   number      = {1},
   pages       = {155--167},
   volume      = {155},
   year        = {1986},
   local-url   = {file://localhost/Volumes/Home/benb/Data/Papers/Analytical\%20Biochemistry/Analytical\%20Biochemistry\%201986,\%20155,\%20155-167.pdf},
}


@article{Wishart:95:67,
   author      = {D S Wishart and C G Bigam and A Holm and R S Hodges and B D Sykes},
   journal     = {J. Biomol. NMR},
   title       = {1H, 13C and 15N Random Coil NMR Chemical-Shifts of the Common Amino-Acids. 1. Investigations of Nearest-Neighbor Effects},
   number      = {1},
   pages       = {67--81},
   volume      = {5},
   year        = {1995},
}


@article{Oesterhelt:74:262,
   author      = {D Oesterhelt and L Schuhmann},
   journal     = {FEBS Lett.},
   title       = {Reconstitution of Bacteriorhodopsin},
   number      = {3},
   pages       = {262--265},
   volume      = {44},
   year        = {1974},
   local-url   = {file://localhost/Volumes/Home/benb/Data/Papers/FEBS\%20Letters/FEBS\%20Letters\%201974,\%2044,\%20262-265.pdf},
}


@article{Anfinsen:73:223,
   author      = {Christian B Anfinsen},
   journal     = {Science},
   title       = {Principles that Govern the Folding of Protein Chains},
   number      = {4096},
   pages       = {223--230},
   volume      = {181},
   year        = {1973},
   local-url   = {file://localhost/Volumes/Home/benb/Data/Papers/Science/Science\%201973,\%20181,\%20223-230.pdf},
}


@article{Moffitt:56:1189,
   author      = {William Moffitt},
   journal     = {J. Chem. Phys.},
   title       = {Optical Rotatory Dispersion of Transition-Metal Complexes},
   number      = {6},
   pages       = {1189--1198},
   volume      = {25},
   year        = {1956},
   local-url   = {file://localhost/Volumes/Home/benb/Data/Papers/Journal\%20of\%20Chemical\%20Physics/Journal\%20of\%20Chemical\%20Physics\%201956,\%2025,\%201189-1198.pdf},
}


@article{Matsuo:05:79,
   author      = {Koichi Matsuo and Ryuta Yonehara and Kunihiko Gekko},
   journal     = {J. Biochem.},
   title       = {Improved Estimation of the Secondary Structures of Proteins by Vacuum-Ultraviolet Circular Dichroism Spectroscopy},
   number      = {1},
   pages       = {79--88},
   volume      = {138},
   year        = {2005},
   local-url   = {file://localhost/Volumes/Home/benb/Data/Papers/Journal\%20of\%20Biochemistry/Journal\%20of\%20Biochemistry\%202005,\%20138,\%2079-88.pdf},
}


@article{Biot:15:190,
   author      = {Jean-Baptiste Biot},
   journal     = {Bull. Soc. Phil.},
   title       = {Ph{\'e}nom{\`e}nes de polarisation successive, observ{\'e}s dans des fluides homog{\`e}nes},
   pages       = {190--192},
   year        = {1815},
}


@phdthesis{Bulheller,
   author      = {Benjamin M Bulheller},
   type        = {Thesis},
   title       = {Circular and Linear Dichroism of Proteins},
   school      = {University of Nottingham},
   volume      = {2009},
}


@article{Kelly:05:119,
   author      = {Sharon M Kelly and Thomas J Jess and Nicholas C Price},
   journal     = {Biochim. Biophys. Acta, Proteins Proteomics},
   title       = {How to Study Proteins by Circular Dichroism},
   number      = {2},
   pages       = {119--139},
   volume      = {1751},
   year        = {2005},
   local-url   = {file://localhost/Volumes/Home/benb/Data/Papers/Biochimica\%20et\%20Biophysica\%20Acta\%20Proteins\%20and\%20Proteo.../Biochimica\%20et\%20Biophysica\%20Acta\%20Proteins\%20and\%20Proteomics\%202005,\%201751,\%20119-139.pdf},
}


@article{Monthioux:06,
   author      = {M Monthioux and V L Kuznetsov},
   journal     = {Carbon},
   title       = {Who should be given the credit for the discovery of carbon nanotubes?},
   pages       = {1621},
   volume      = {44},
   year        = {2006},
   local-url   = {file://localhost/Volumes/Home/benb/Data/Papers/Carbon/Carbon\%202006,\%2044,\%201621.pdf},
}


@article{Eker:03:8178,
   author      = {F Eker and K Griebenow and R Schweitzer-Stenner},
   journal     = {J. Am. Chem. Soc.},
   title       = {Stable conformations of tripeptides in aqueous solution studied by UV circular dichroism spectroscopy},
   number      = {27},
   pages       = {8178--8185},
   volume      = {125},
   year        = {2003},
   local-url   = {file://localhost/Volumes/Home/benb/Data/Papers/Journal\%20of\%20the\%20American\%20Chemical\%20Society/Journal\%20of\%20the\%20American\%20Chemical\%20Society\%202003,\%20125,\%208178-8185.pdf},
}


@article{Hirst:98:782,
   author      = {Jonathan D Hirst},
   journal     = {J. Chem. Phys.},
   title       = {Improving protein circular dichroism calculations in the far-ultraviolet through reparametrizing the amide chromophore},
   number      = {2},
   pages       = {782--788},
   volume      = {109},
   year        = {1998},
   local-url   = {file://localhost/Volumes/Home/benb/Data/Papers/Journal\%20of\%20Chemical\%20Physics/Journal\%20of\%20Chemical\%20Physics\%201998,\%20109,\%20782-788.pdf},
}


@article{Manning:91:569,
   author      = {M C Manning and Robert W Woody},
   journal     = {Biopolymers},
   title       = {Theoretical CD studies of polypeptide helices: examination of important electronic and geometric factors},
   number      = {5},
   pages       = {569--86},
   volume      = {31},
   year        = {1991},
   local-url   = {file://localhost/Volumes/Home/benb/Data/Papers/Biopolymers/Biopolymers\%201991,\%2031,\%20569-86.pdf},
}


@misc{Molpro,
   author      = {Hans-J Werner and P J Knowles and R Lindh and F R Manby and M Sch{\"u}tz and P Celani and T Korona and G Rauhut and R D Amos and A Bernhardsson and A Berning and D L Cooper and M J O Deegan and A J Dobbyn and F Eckert and C Hampel and G Hetzer and A W Lloyd and S J McNicholas and W Meyer and M E Mura and A Nicklass and P Palmieri and R Pitzer and U Schumann and H Stoll and A J Stone and R Tarroni and T Thorsteinsson},
   title       = {Molpro -- A Package of \emph{Ab Initio} Programs},
   cite-key    = {Molpro},
   year        = {2002},
   howpublished= {http://www.molpro.net},
   local-url   = {file://localhost/Volumes/Home/benb/Data/Papers/Misc/Misc\%202002,\%20,\%20Molpro.pdf},
}


@article{Matile:96:5198,
   author      = {Stefan Matile and Nina Berova and Koji Nakanishi and J Fleischhauer and Robert W Woody},
   journal     = {J. Am. Chem. Soc.},
   title       = {Structural Studies by Exciton Coupled Circular Dichroism over a Large Distance: Porphyrin Derivatives of Steroids, Dimeric Steroids, and Brevetoxin B},
   number      = {22},
   pages       = {5198--5206},
   volume      = {118},
   year        = {1996},
   local-url   = {file://localhost/Volumes/Home/benb/Data/Papers/Journal\%20of\%20the\%20American\%20Chemical\%20Society/Journal\%20of\%20the\%20American\%20Chemical\%20Society\%201996,\%20118,\%205198-5206.pdf},
}


@article{Andrade:93:383,
   author      = {M A Andrade and P Ch{\'a}con and J J Merelo and F Mor{\'a}n},
   journal     = {Protein Eng.},
   title       = {Evaluation of Secondary Structure of Proteins from UV Circular Dichroism Spectra Using an Unsupervised Learning Neural Network},
   number      = {4},
   pages       = {383--390},
   volume      = {6},
   year        = {1993},
   local-url   = {file://localhost/Volumes/Home/benb/Data/Papers/Protein\%20Engineering/Protein\%20Engineering\%201993,\%206,\%20383-390.pdf},
}


@article{Scheraga:55:1526,
   author      = {H A Scheraga},
   journal     = {J. Chem. Phys.},
   title       = {Non-Newtonian Viscosity of Solutions of Ellipsoidal Particles},
   number      = {8},
   pages       = {1526--1532},
   volume      = {23},
   year        = {1955},
   local-url   = {file://localhost/Volumes/Home/benb/Data/Papers/Journal\%20of\%20Chemical\%20Physics/Journal\%20of\%20Chemical\%20Physics\%201955,\%2023,\%201526-1532.pdf},
}


@article{Goux:80:2191,
   author      = {W J Goux and T M Hooker},
   journal     = {Biopolymers},
   title       = {The Chiroptical Properties of Proteins 2. Near-Ultraviolet Circular Dichroism of Lysozyme},
   number      = {12},
   pages       = {2191--2208},
   volume      = {19},
   year        = {1980},
   local-url   = {file://localhost/Volumes/Home/benb/Data/Papers/Biopolymers/Biopolymers\%201980,\%2019,\%202191-2208.pdf},
}


@article{Humphrey:96:33,
   author      = {W Humphrey and A Dalke and K Schulten},
   journal     = {J. Mol. Graph.},
   title       = {VMD: Visual Molecular Dynamics},
   number      = {1},
   pages       = {33--38},
   volume      = {14},
   year        = {1996},
}


@article{Janes:05:4230,
   author      = {Robert W Janes},
   journal     = {Bioinformatics},
   title       = {Bioinformatics Analyses of Circular Dichroism Protein Reference Databases},
   number      = {23},
   pages       = {4230--4238},
   volume      = {21},
   year        = {2005},
   local-url   = {file://localhost/Volumes/Home/benb/Data/Papers/Bioinformatics/Bioinformatics\%202005,\%2021,\%204230-4238.pdf},
}


@misc{ProteinProspector,
   author      = {R J Chalkley and K C Hansen and M A Baldwin and P R Baker and K F Medzihradszky and A J Lynn and A L Burlingame and K R Clauser and L Huang},
   title       = {ProteinProspector -- Proteomics Tools for Mining Sequence Databases in Conjunction with Mass Spectrometry Experiments},
   cite-key    = {ProteinProspector},
   year        = {2008},
   howpublished= {http://prospector.ucsf.edu},
}


@article{Woody:05:347,
   author      = {R Woody},
   journal     = {Monatshefte f{\"u}r Chemie/Chemical Monthly},
   title       = {The Exciton Model and the Circular Dichroism of Polypeptides},
   pages       = {347--366},
   volume      = {136},
   year        = {2005},
   local-url   = {file://localhost/Volumes/Home/benb/Data/Papers/Monatshefte\%20f\%C3\%BCr\%20ChemieChemical\%20Monthly/Monatshefte\%20f\%C3\%BCr\%20ChemieChemical\%20Monthly\%202005,\%20136,\%20347-366.pdf},
}


@article{Sreerama:00:243,
   author      = {Narasimha Sreerama and S Y Venyaminov and Robert W Woody},
   journal     = {Anal. Biochem.},
   title       = {Estimation of Protein Secondary Structure from Circular Dichroism Spectra: Inclusion of Denatured Proteins with Native Proteins in the Analysis},
   number      = {2},
   pages       = {243--251},
   volume      = {287},
   year        = {2000},
   local-url   = {file://localhost/Volumes/Home/benb/Data/Papers/Analytical\%20Biochemistry/Analytical\%20Biochemistry\%202000,\%20287,\%20243-251.pdf},
}


@article{Born:15:251,
   author      = {M Born},
   journal     = {Physikal. Z.},
   title       = {The Natural Optical Activity of Liquids and Gases},
   pages       = {251--258},
   volume      = {16},
   year        = {1915},
}


@article{Davis:04:668,
   author      = {Jeffery T Davis},
   journal     = {Angew. Chem. Int. Ed.},
   title       = {G-Quartets 40 Years Later: From 5'-GMP to Molecular Biology and Supramolecular Chemistry},
   number      = {6},
   pages       = {668--698},
   volume      = {43},
   year        = {2004},
   local-url   = {file://localhost/Volumes/Home/benb/Data/Papers/Angewandte\%20Chemie\%20International\%20Edition/Angewandte\%20Chemie\%20International\%20Edition\%202004,\%2043,\%20668-698.pdf},
}


@article{Woody:67:4927,
   author      = {Robert W Woody and Ignacio Tinoco},
   journal     = {J. Chem. Phys.},
   title       = {Optical Rotation of Oriented Helices. 3. {C}alculation of Rotatory Dispersion and Circular Dichroism of the $\alpha$- and $3_{10}$-Helix},
   number      = {12},
   pages       = {4927--4945},
   volume      = {46},
   year        = {1967},
   local-url   = {file://localhost/Volumes/Home/benb/Data/Papers/Journal\%20of\%20Chemical\%20Physics/Journal\%20of\%20Chemical\%20Physics\%201967,\%2046,\%204927-4945.pdf},
}


@article{Miles:06:39,
   author      = {Andrew J Miles and Bonnie A Wallace},
   journal     = {Chem. Soc. Rev.},
   title       = {Synchrotron Radiation Circular Dichroism Spectroscopy of Proteins and Applications in Structural and Functional Genomics},
   number      = {1},
   pages       = {39--51},
   volume      = {35},
   year        = {2006},
   local-url   = {file://localhost/Volumes/Home/benb/Data/Papers/Chemical\%20Society\%20Reviews/Chemical\%20Society\%20Reviews\%202006,\%2035,\%2039-51.pdf},
}


@article{Parson:89:4277,
   author      = {W W Parson and S Creighton and A Warshel},
   journal     = {J. Am. Chem. Soc.},
   title       = {Calculations of Charge-Transfer Transition Energies and Spectroscopic Properties of a Molecular-Crystal -- Methylbacteriopheophorbide a},
   number      = {12},
   pages       = {4277--4284},
   volume      = {111},
   year        = {1989},
   local-url   = {file://localhost/Volumes/Home/benb/Data/Papers/Journal\%20of\%20the\%20American\%20Chemical\%20Society/Journal\%20of\%20the\%20American\%20Chemical\%20Society\%201989,\%20111,\%204277-4284.pdf},
}


@article{Brown:71:751,
   author      = {A Brown and C M Kemp and S F Mason},
   journal     = {J. Chem. Soc. A},
   title       = {Electronic Absorption, Polarised Excitation, and Circular Dichroism Spectra of [5]-Helicene (Dibenzo[c,g]phenanthrene)},
   pages       = {751--755},
   volume      = {10},
   year        = {1971},
   local-url   = {file://localhost/Volumes/Home/benb/Data/Papers/Journal\%20of\%20the\%20Chemical\%20Society\%20A/Journal\%20of\%20the\%20Chemical\%20Society\%20A\%201971,\%2010,\%20751-755.pdf},
}


@article{Wood:05:476,
   author      = {Matthew J Wood and Jonathan D Hirst},
   journal     = {Proteins: Struct., Funct., Bioinf.},
   title       = {Protein secondary structure prediction with dihedral angles},
   number      = {3},
   pages       = {476--481},
   volume      = {59},
   year        = {2005},
   local-url   = {file://localhost/Volumes/Home/benb/Data/Papers/Proteins\%20Structure\%20Function\%20and\%20Bioinformatics/Proteins\%20Structure\%20Function\%20and\%20Bioinformatics\%202005,\%2059,\%20476-481.pdf},
}


@article{Oakley:06:12414,
   author      = {Mark T Oakley and Jonathan D Hirst},
   journal     = {J. Am. Chem. Soc.},
   title       = {Charge-Transfer Transitions in Protein Circular Dichroism Calculations},
   pages       = {12414--12415},
   volume      = {128},
   year        = {2006},
   local-url   = {file://localhost/Volumes/Home/benb/Data/Papers/Journal\%20of\%20the\%20American\%20Chemical\%20Society/Journal\%20of\%20the\%20American\%20Chemical\%20Society\%202006,\%20128,\%2012414-12415.pdf},
}


@article{vanBeek:99:173,
   author      = {van Beek, J D and J K{\"u}mmerlen and F Vollrath and B H Meier},
   journal     = {Int. J. Biol. Macromol.},
   title       = {Supercontracted Spider Dragline Silk: A Solid-State NMR Study of the Local Structure},
   number      = {2-3},
   pages       = {173--178},
   volume      = {24},
   year        = {1999},
   local-url   = {file://localhost/Volumes/Home/benb/Data/Papers/International\%20Journal\%20of\%20Biological\%20Macromolecules/International\%20Journal\%20of\%20Biological\%20Macromolecules\%201999,\%2024,\%20173-178.pdf},
}


@article{Rodger:06:3161,
   author      = {Alison Rodger and Rachel Marrington and Michael A Geeves and Matthew Hicks and de Alwis, Lahari and David J Halsall and Timothy R Dafforn},
   journal     = {Phys. Chem. Chem. Phys.},
   title       = {Looking at Long Molecules in Solution: What Happens When They Are Subjected to Couette Flow?},
   pages       = {3161--3171},
   volume      = {8},
   year        = {2006},
   local-url   = {file://localhost/Volumes/Home/benb/Data/Papers/Physical\%20Chemistry\%20Chemical\%20Physics/Physical\%20Chemistry\%20Chemical\%20Physics\%202006,\%208,\%203161-3171.pdf},
}


@article{Subramanian:01:489,
   author      = {Easwara Subramanian},
   journal     = {Nature Struct. Biol.},
   title       = {Obituary: G.N. Ramachandran},
   number      = {6},
   pages       = {489--491},
   volume      = {8},
   year        = {2001},
   local-url   = {file://localhost/Volumes/Home/benb/Data/Papers/Nature\%20Structural\%20Biology/Nature\%20Structural\%20Biology\%202001,\%208,\%20489-491.pdf},
}


@article{Fitts:56:33,
   author      = {D D Fitts and John G Kirkwood},
   journal     = {Proc. Natl. Acad. Sci. U. S. A.},
   title       = {The Optical Rotatory Power of Helical Molecules},
   number      = {1},
   pages       = {33--36},
   volume      = {42},
   year        = {1956},
   local-url   = {file://localhost/Volumes/Home/benb/Data/Papers/Proceedings\%20of\%20the\%20National\%20Academy\%20of\%20Sciences\%20of.../Proceedings\%20of\%20the\%20National\%20Academy\%20of\%20Sciences\%20of\%20the\%20United\%20States\%20of\%20America\%201956,\%2042,\%2033-36.pdf},
}


@article{DeVoe:65:3199,
   author      = {Howard DeVoe},
   journal     = {J. Chem. Phys.},
   title       = {Optical Properties of Molecular Aggregates. 2. {C}lassical Theory of the Refraction, Absorption, and Optical Activity of Solutions and Crystals},
   number      = {9},
   pages       = {3199--3208},
   volume      = {43},
   year        = {1965},
   local-url   = {file://localhost/Volumes/Home/benb/Data/Papers/Journal\%20of\%20Chemical\%20Physics/Journal\%20of\%20Chemical\%20Physics\%201965,\%2043,\%203199-3208.pdf},
}


@article{Rogers:05:23061,
   author      = {David M Rogers and Nicholas A Besley and Paul O'Shea and Jonathan D Hirst},
   journal     = {J. Phys. Chem. B},
   title       = {Modeling the Absorption Spectrum of Tryptophan in Proteins},
   number      = {48},
   pages       = {23061--23069},
   volume      = {109},
   year        = {2005},
   local-url   = {file://localhost/Volumes/Home/benb/Data/Papers/Journal\%20of\%20Physical\%20Chemistry\%20B/Journal\%20of\%20Physical\%20Chemistry\%20B\%202005,\%20109,\%2023061-23069.pdf},
}


@article{McGimpsey:99:6082,
   author      = {W G McGimpsey and L Chen and R Carraway and W N Samaniego},
   journal     = {J. Phys. Chem. A},
   title       = {Singlet-Singlet and Triplet-Triplet Energy Transfer in Bichromophoric Peptides},
   number      = {31},
   pages       = {6082--6090},
   volume      = {103},
   year        = {1999},
   local-url   = {file://localhost/Volumes/Home/benb/Data/Papers/J.\%20Phys.\%20Chem.\%20A/J.\%20Phys.\%20Chem.\%20A\%201999,\%20103,\%206082-6090.pdf},
}


@article{Kuhn:30:293,
   author      = {W Kuhn},
   journal     = {Trans. Faraday Soc.},
   title       = {The Physical Significance of Optical Rotatory Power},
   pages       = {293--307},
   volume      = {26},
   year        = {1930},
}


@article{Serrano-Andres:98:10912,
   author      = {Luis Serrano-Andr{\'e}s and Markus P F{\"u}lscher},
   journal     = {J. Am. Chem. Soc.},
   title       = {Theoretical Study of the Electronic Spectroscopy of Peptides. 3. Charge-Transfer Transitions in Polypeptides},
   number      = {42},
   pages       = {10912--10920},
   volume      = {120},
   year        = {1998},
   local-url   = {file://localhost/Volumes/Home/benb/Data/Papers/Journal\%20of\%20the\%20American\%20Chemical\%20Society/Journal\%20of\%20the\%20American\%20Chemical\%20Society\%201998,\%20120,\%2010912-10920.pdf},
}


@article{Hirst:98:28,
   author      = {Jonathan D Hirst},
   journal     = {Curr. Opin. Drug Discovery Dev.},
   title       = {Predicting ligand binding energies},
   number      = {1},
   pages       = {28--33},
   volume      = {1},
   year        = {1998},
   local-url   = {file://localhost/Volumes/Home/benb/Data/Papers/Current\%20Opinion\%20in\%20Drug\%20Discovery\%20&\%20Development/Current\%20Opinion\%20in\%20Drug\%20Discovery\%20&\%20Development\%201998,\%201,\%2028-33.pdf},
}


@article{Shao:03:1157,
   author      = {Z Z Shao and F Vollrath and Y Yang and H C Thogersen},
   journal     = {Macromolecules},
   title       = {Structure and behavior of regenerated spider silk},
   number      = {4},
   pages       = {1157--1161},
   volume      = {36},
   year        = {2003},
}


@article{Sreerama:04:318,
   author      = {Narasimha Sreerama and Robert W Woody},
   journal     = {Methods Enzymol.},
   title       = {Computation and Analysis of Protein Circular Dichroism Spectra},
   pages       = {318--351},
   volume      = {383},
   year        = {2004},
   local-url   = {file://localhost/Volumes/Home/benb/Data/Papers/Methods\%20in\%20Enzymology\%20Numerical\%20Computer\%20Methods.../Methods\%20in\%20Enzymology\%20Numerical\%20Computer\%20Methods\%20Part\%20D\%202004,\%20383,\%20318-351.pdf},
}


@article{Ryadnov:05:12407,
   author      = {Maxim G Ryadnov and Derek N Woolfson},
   journal     = {J. Am. Chem. Soc.},
   title       = {MaP peptides: programming the self-assembly of peptide-based mesoscopic matrices},
   number      = {35},
   pages       = {12407--12415},
   volume      = {127},
   year        = {2005},
   local-url   = {file://localhost/Volumes/Home/benb/Data/Papers/Journal\%20of\%20the\%20American\%20Chemical\%20Society/Journal\%20of\%20the\%20American\%20Chemical\%20Society\%202005,\%20127,\%2012407-12415.pdf},
}


@article{Clark:97:4098,
   author      = {C L Clark and P K Cecil and D Singh and D M Gray},
   journal     = {Nucleic Acids Res.},
   title       = {CD, Absorption and Thermodynamic Analysis of Repeating Dinucleotide DNA, RNA and Hybrid Duplexes [d/r(AC)]$_{12}\cdot$[d/r(GT/U)]$_{12}$ and the Influence of Phosphorothioate Substitution},
   number      = {20},
   pages       = {4098--4105},
   volume      = {25},
   year        = {1997},
   local-url   = {file://localhost/Volumes/Home/benb/Data/Papers/Nucleic\%20Acids\%20Research/Nucleic\%20Acids\%20Research\%201997,\%2025,\%204098-4105.pdf},
}


@article{Choi:03:9132,
   author      = {J H Choi and S Y Ham and M Cho},
   journal     = {J. Phys. Chem. B},
   title       = {Local amide I mode frequencies and coupling constants in polypeptides},
   pages       = {9132--9138},
   volume      = {107},
   year        = {2003},
   local-url   = {file://localhost/Volumes/Home/benb/Data/Papers/Journal\%20of\%20Physical\%20Chemistry\%20B/Journal\%20of\%20Physical\%20Chemistry\%20B\%202003,\%20107,\%209132-9138-2.pdf},
}


@article{Zhang:93:5499,
   author      = {C F Zhang and J W Lewis and R Cerpa and I D Kuntz and David S Kliger},
   journal     = {J. Phys. Chem.},
   title       = {Nanosecond Circular Dichroism Spectral Measurements: Extension to the Far-Ultraviolet Region},
   number      = {21},
   pages       = {5499--5505},
   volume      = {97},
   year        = {1993},
   local-url   = {file://localhost/Volumes/Home/benb/Data/Papers/Journal\%20of\%20Physical\%20Chemistry/Journal\%20of\%20Physical\%20Chemistry\%201993,\%2097,\%205499-5505.pdf},
}


@article{Kaur:04:83,
   author      = {H Kaur and G P S Raghava},
   journal     = {Proteins: Struct., Funct., Bioinf.},
   title       = {Prediction of $\alpha$-turns in proteins using PSI-BLAST profiles and secondary structure information},
   number      = {1},
   pages       = {83--90},
   volume      = {55},
   year        = {2004},
   local-url   = {file://localhost/Volumes/Home/benb/Data/Papers/Proteins\%20Structure\%20Function\%20and\%20Bioinformatics/Proteins\%20Structure\%20Function\%20and\%20Bioinformatics\%202004,\%2055,\%2083-90.pdf},
}


@article{Bayley:73:1,
   author      = {Peter M Bayley},
   journal     = {Prog. Biophys. Mol. Biol.},
   title       = {The Analysis of Circular Dichroism of Biomolecules},
   pages       = {1--76},
   volume      = {27},
   year        = {1973},
   local-url   = {file://localhost/Volumes/Home/benb/Data/Papers/Progress\%20in\%20Biophysics\%20and\%20Molecular\%20Biology/Progress\%20in\%20Biophysics\%20and\%20Molecular\%20Biology\%201973,\%2027,\%201-76.pdf},
}


@article{Vieth:98:1612,
   author      = {Michal Vieth and Jonathan D Hirst and Andrzej Kolinski and Brooks, III, Charles L},
   journal     = {J. Comput. Chem.},
   title       = {Assessing energy functions for flexible docking},
   number      = {14},
   pages       = {1612--1622},
   volume      = {19},
   year        = {1998},
   local-url   = {file://localhost/Volumes/Home/benb/Data/Papers/Journal\%20of\%20Computational\%20Chemistry/Journal\%20of\%20Computational\%20Chemistry\%201998,\%2019,\%201612-1622.pdf},
}


@article{Semetey:02:1893,
   author      = {V Semetey and D Rognan and C Hemmerlin and R Graff and J P Briand and M Marraud and G Guichard},
   journal     = {Angew. Chem. Int. Ed.},
   title       = {Stable helical secondary structure in short-chain N,N'-linked oligoureas bearing proteinogenic side chains},
   number      = {11},
   pages       = {1893--1895},
   volume      = {41},
   year        = {2002},
   local-url   = {file://localhost/Volumes/Home/benb/Data/Papers/Angew.\%20Chem.\%20Int.\%20Ed./Angew.\%20Chem.\%20Int.\%20Ed.\%202002,\%2041,\%201893-1895.pdf},
}


@article{Hirst:94:173,
   author      = {Jonathan D Hirst and Brooks, III, Charles L},
   journal     = {J. Mol. Biol.},
   title       = {Helicity, circular dichroism and molecular dynamics of proteins},
   number      = {2},
   pages       = {173--178},
   volume      = {243},
   year        = {1994},
   local-url   = {file://localhost/Volumes/Home/benb/Data/Papers/Journal\%20of\%20Molecular\%20Biology/Journal\%20of\%20Molecular\%20Biology\%201994,\%20243,\%20173-178.pdf},
}


@article{Schellman:68:144,
   author      = {John A Schellman},
   journal     = {Acc. Chem. Res.},
   title       = {Symmetry Rules for Optical Rotation},
   number      = {5},
   pages       = {144--151},
   volume      = {1},
   year        = {1968},
   local-url   = {file://localhost/Volumes/Home/benb/Data/Papers/Accounts\%20of\%20Chemical\%20Research/Accounts\%20of\%20Chemical\%20Research\%201968,\%201,\%20144-151.pdf},
}


@article{Gray:08:431,
   author      = {D M Gray and J D Wen and C W Gray and R Repges and C Repges and Gerhard Raabe and J{\"o}rg Fleischhauer},
   journal     = {Chirality},
   title       = {Measured and Calculated CD Spectra of G-Quartets Stacked with the Same or Opposite Polarities},
   number      = {3-4},
   pages       = {431--440},
   volume      = {20},
   year        = {2008},
   local-url   = {file://localhost/Volumes/Home/benb/Data/Papers/Chirality/Chirality\%202008,\%2020,\%20431-440.pdf},
}


@article{Sponer:96:5590,
   author      = {J Sponer and J Leszczynski and P Hobza},
   journal     = {J. Phys. Chem.},
   title       = {Nature of Nucleic Acid-Base Stacking: Nonempirical ab Initio and Empirical Potential Characterization of 10 Stacked Base Dimers. Comparison of Stacked and H-Bonded Base Pairs},
   pages       = {5590--5596},
   volume      = {100},
   year        = {1996},
   local-url   = {file://localhost/Volumes/Home/benb/Data/Papers/Journal\%20of\%20Physical\%20Chemistry/Journal\%20of\%20Physical\%20Chemistry\%201996,\%20100,\%205590-5596.pdf},
}


@article{Ferreira:06:3383,
   author      = {Jaime M Ferreira and Richard D Sheardy},
   journal     = {Biophys. J.},
   title       = {Enthalpy of the B-to-Z Conformational Transition of a DNA Oligonucleotide Determined by Isothermal Titration Calorimetry},
   number      = {9},
   pages       = {3383--3389},
   volume      = {91},
   year        = {2006},
   local-url   = {file://localhost/Volumes/Home/benb/Data/Papers/Biophysical\%20Journal/Biophysical\%20Journal\%202006,\%2091,\%203383-3389.pdf},
}


@article{Edsall:40:409,
   author      = {John T Edsall and John W Mehl},
   journal     = {J. Biol. Chem.},
   title       = {The Effect of Denaturing Agents on Myosin. II. Viscosity and double Refraction of Flow},
   pages       = {409--429},
   volume      = {133},
   year        = {1940},
   local-url   = {file://localhost/Volumes/Home/benb/Data/Papers/Journal\%20of\%20Biological\%20Chemistry/Journal\%20of\%20Biological\%20Chemistry\%201940,\%20133,\%20409-429.pdf},
}


@book{vantHoff:75,
   author      = {van't Hoff, Jacobus H},
   publisher   = {Bazendijk},
   title       = {La Chimie dans L'Espace},
   address     = {Rotterdam},
   year        = {1875},
}


@article{deMeras:01:469,
   author      = {de Meras, Amjs and I G Cuesta and H Koch},
   journal     = {Chem. Phys. Lett.},
   title       = {A coupled cluster calculation of the spectrum of urea},
   number      = {5-6},
   pages       = {469--476},
   volume      = {348},
   year        = {2001},
   local-url   = {file://localhost/Volumes/Home/benb/Data/Papers/Chemical\%20Physics\%20Letters/Chemical\%20Physics\%20Letters\%202001,\%20348,\%20469-476.pdf},
}


@article{Serrano-Andres:97:167,
   author      = {Luis Serrano-Andr{\'e}s and Markus P F{\"u}lscher and Gunnar Karlstr{\"o}m},
   journal     = {Int. J. Quantum Chem.},
   title       = {Solvent Effects on Electronic Spectra Studied by Multiconfigurational Perturbation Theory},
   number      = {2},
   pages       = {167--181},
   volume      = {65},
   year        = {1997},
   local-url   = {file://localhost/Volumes/Home/benb/Data/Papers/International\%20Journal\%20of\%20Quantum\%20Chemistry/International\%20Journal\%20of\%20Quantum\%20Chemistry\%201997,\%2065,\%20167-181.pdf},
}


@article{Clark:05:1226,
   author      = {Ben Clark and Robert J Capon and Ernest Lacey and Shaun Tennant and Jennifer H Gill and Benjamin M Bulheller and Gerhard Bringmann},
   journal     = {J. Nat. Prod.},
   title       = {Gymnoascolides A-C: Aromatic Butenolides from an Australian Isolate of the Soil Ascomycete \emph{Gymnoascus reessii}},
   number      = {8},
   pages       = {1226--1230},
   volume      = {68},
   year        = {2005},
   local-url   = {file://localhost/Volumes/Home/benb/Data/Papers/J\%20Nat\%20Prod/J\%20Nat\%20Prod\%202005,\%2068,\%201226-1230.pdf},
}


@article{Platt:49:484,
   author      = {John R Platt},
   journal     = {J. Chem. Phys.},
   title       = {Classification of Spectra of Cata-Condensed Hydrocarbons},
   number      = {5},
   pages       = {484--495},
   volume      = {17},
   year        = {1949},
   local-url   = {file://localhost/Volumes/Home/benb/Data/Papers/Journal\%20of\%20Chemical\%20Physics/Journal\%20of\%20Chemical\%20Physics\%201949,\%2017,\%20484-495.pdf},
}


@article{Hirst:99:12,
   author      = {Jonathan D Hirst and Brian N Dominy and Z Guo and Michal Vieth and Brooks, III, Charles L},
   journal     = {ACS Symp. Ser.},
   title       = {Conformational and energetic aspects of receptor-ligand recognition},
   number      = {Rational Drug Design},
   pages       = {12--36},
   volume      = {719},
   year        = {1999},
}


@article{Lygo:04:8,
   author      = {Barry Lygo and Benjamin I Andrews and Jonathan D Hirst and James L Melville and Justine A Peterson and Daniel Slack},
   journal     = {Chim. Oggi.},
   title       = {Rapid screening of cinchona alkaloid derived phase-transfer catalysts. Application in the optimization of a glycine imine alkylation},
   number      = {9},
   pages       = {8--10},
   volume      = {22},
   year        = {2004},
}


@article{Applequist:81:2311,
   author      = {Jon Applequist},
   journal     = {Biopolymers},
   title       = {Theoretical $\pi\pi^*$ Absorption and Circular Dichroic Spectra of Helical Poly(L-Proline) Forms I and II},
   number      = {11},
   pages       = {2311--2322},
   volume      = {20},
   year        = {1981},
   local-url   = {file://localhost/Volumes/Home/benb/Data/Papers/Biopolymers/Biopolymers\%201981,\%2020,\%202311-2322.pdf},
}


@article{Sterzel:03:251,
   author      = {M Sterzel and M Pilch and M T Pawlikowski and Jski Gawro{\'n}ski},
   journal     = {Chem. Phys.},
   title       = {The Circular Dichroism (CD) and Absorption Studies of 1,4,5,8-Naphthalene Tetracarboxydiimide Dimer in Terms of Vibronic Coupling Theory},
   number      = {3},
   pages       = {251--260},
   volume      = {291},
   year        = {2003},
   local-url   = {file://localhost/Volumes/Home/benb/Data/Papers/Chemical\%20Physics/Chemical\%20Physics\%202003,\%20291,\%20251-260.pdf},
}


@article{Ha:05:1183,
   author      = {Sung Chul Ha and Ky Lowenhaupt and Alexander Rich and Yang-Gyun Kim and Kyeong Kyu Kim},
   journal     = {Nature},
   title       = {Crystal structure of a junction between B-DNA and Z-DNA reveals two extruded bases},
   number      = {7062},
   pages       = {1183--1186},
   volume      = {437},
   year        = {2005},
   local-url   = {file://localhost/Volumes/Home/benb/Data/Papers/Nature/Nature\%202005,\%20437,\%201183-1186.pdf},
}


@article{Sreerama:94:10022,
   author      = {Narasimha Sreerama and Robert W Woody},
   journal     = {Biochemistry},
   title       = {Poly(Pro)II Helices in Globular Proteins: Identification and Circular Dichroic Analysis},
   number      = {33},
   pages       = {10022--10025},
   volume      = {33},
   year        = {1994},
   local-url   = {file://localhost/Volumes/Home/benb/Data/Papers/Biochemistry/Biochemistry\%201994,\%2033,\%2010022-10025.pdf},
}


@article{Drew:80:567,
   author      = {H Drew and T Takano and S Tanaka and K Itakura and Richard E Dickerson},
   journal     = {Nature},
   title       = {High-Salt d(CpGpCpG), a Left-Handed Z' DNA Double Helix},
   pages       = {567--573},
   volume      = {286},
   year        = {1980},
   local-url   = {file://localhost/Volumes/Home/benb/Data/Papers/Nature/Nature\%201980,\%20286,\%20567-573.pdf},
}


@article{Meijberg:02:839,
   author      = {W Meijberg and P J Booth},
   journal     = {J. Mol. Biol.},
   title       = {The Activation Energy for Insertion of Transmembrane $\alpha$-helices is Dependent on Membrane Composition},
   pages       = {839--853},
   volume      = {319},
   year        = {2002},
   local-url   = {file://localhost/Volumes/Home/benb/Data/Papers/Journal\%20of\%20Molecular\%20Biology/Journal\%20of\%20Molecular\%20Biology\%202002,\%20319,\%20839-853.pdf},
}


@article{Chen:71:29,
   author      = {A K Chen and Robert W Woody},
   journal     = {J. Am. Chem. Soc.},
   title       = {Theoretical Study of Optical Rotatory Properties of Poly-L-Tyrosine},
   number      = {1},
   pages       = {29--37},
   volume      = {93},
   year        = {1971},
   local-url   = {file://localhost/Volumes/Home/benb/Data/Papers/Journal\%20of\%20the\%20American\%20Chemical\%20Society/Journal\%20of\%20the\%20American\%20Chemical\%20Society\%201971,\%2093,\%2029-37.pdf},
}


@book{Eliel:94,
   author      = {Ernest L Eliel and Samuel H Wilen and Lewis N Mander},
   publisher   = {Wiley},
   title       = {Stereochemistry of Organic Compounds},
   address     = {New York},
   year        = {1994},
}


@article{Hirst:98:7519,
   author      = {Jonathan D Hirst and B Joakim Persson},
   journal     = {J. Phys. Chem. A},
   title       = {Ab initio calculations of the vibrational and electronic spectra of diketopiperazine},
   number      = {38},
   pages       = {7519--7524},
   volume      = {102},
   year        = {1998},
   local-url   = {file://localhost/Volumes/Home/benb/Data/Papers/Journal\%20of\%20Physical\%20Chemistry\%20A/Journal\%20of\%20Physical\%20Chemistry\%20A\%201998,\%20102,\%207519-7524.pdf},
}


@article{Mikhonin:05:7712,
   author      = {A V Mikhonin and N S Myshakina and S V Bykov and Sanford A Asher},
   journal     = {J. Am. Chem. Soc.},
   title       = {UV Resonance Raman Determination of Polyproline II, Extended 2.5$_1$-helix, and $\beta$-sheet $\psi$ Angle Energy Landscape in Poly-L-Lysine and Poly-L-Glutamic Acid},
   number      = {21},
   pages       = {7712--7720},
   volume      = {127},
   year        = {2005},
   local-url   = {file://localhost/Volumes/Home/benb/Data/Papers/Journal\%20of\%20the\%20American\%20Chemical\%20Society/Journal\%20of\%20the\%20American\%20Chemical\%20Society\%202005,\%20127,\%207712-7720.pdf},
}


@article{Vieth:98:1623,
   author      = {Michal Vieth and Jonathan D Hirst and Brian N Dominy and Heidi Daigler and Brooks, III, Charles L},
   journal     = {J. Comput. Chem.},
   title       = {Assessing search strategies for flexible docking},
   number      = {14},
   pages       = {1623--1631},
   volume      = {19},
   year        = {1998},
   local-url   = {file://localhost/Volumes/Home/benb/Data/Papers/Journal\%20of\%20Computational\%20Chemistry/Journal\%20of\%20Computational\%20Chemistry\%201998,\%2019,\%201623-1631.pdf},
}


@article{Wietor:08:2689,
   author      = {Jean-Luc Wietor and G Dan Panto{\c s} and Jeremy K M Sanders},
   journal     = {Angew. Chem. Int. Ed.},
   title       = {Templated amplification of an unexpected receptor for C$_{70}$},
   number      = {14},
   pages       = {2689--2692},
   volume      = {47},
   year        = {2008},
   local-url   = {file://localhost/Volumes/Home/benb/Data/Papers/Angew.\%20Chem.\%20Int.\%20Ed./Angew.\%20Chem.\%20Int.\%20Ed.\%202008,\%2047,\%202689-2692.pdf},
}


@article{Tsubaki:07:2179,
   author      = {Kazunori Tsubaki},
   journal     = {Org. Biomol. Chem. Org Biomol},
   title       = {Synthesis and Properties of the Chiral Oligonaphthalenes},
   number      = {14},
   pages       = {2179--2188},
   volume      = {5},
   year        = {2007},
   local-url   = {file://localhost/Volumes/Home/benb/Data/Papers/Organic\%20&\%20Biomolecular\%20Chemistry/Organic\%20&\%20Biomolecular\%20Chemistry\%202007,\%205,\%202179-2188.pdf},
}


@article{Fleig:07:5482,
   author      = {T Fleig and S Knecht and C H{\"a}ttig},
   journal     = {J. Phys. Chem. A},
   title       = {Quantum-Chemical Investigation of the Structures and Electronic Spectra of the Nucleic Acid Bases at {\ldots}},
   pages       = {5482--5491},
   volume      = {111},
   year        = {2007},
   local-url   = {file://localhost/Volumes/Home/benb/Data/Papers/J.\%20Phys.\%20Chem.\%20A/J.\%20Phys.\%20Chem.\%20A\%202007,\%20111,\%205482-5491.pdf},
}


@article{Nelson:05:773,
   author      = {Rebecca Nelson and Michael R Sawaya and Melinda Balbirnie and Anders {\O} Madsen and Christian Riekel and Robert Grothe and David Eisenberg},
   journal     = {Nature},
   title       = {Structure of the Cross-$\beta$ Spine of Amyloid-Like Fibrils},
   number      = {7043},
   pages       = {773--778},
   volume      = {435},
   year        = {2005},
   local-url   = {file://localhost/Volumes/Home/benb/Data/Papers/Nature/Nature\%202005,\%20435,\%20773-778.pdf},
}


@article{Kong:00:1532,
   author      = {Jing Kong and Christopher A White and Anna I Krylov and David Sherrill and Ross D Adamson and Thomas R Furlani and Michael S Lee and Aaron M Lee and Steven R Gwaltney and Terry R Adams and Christian Ochsenfeld and Andrew T B Gilbert and Gary S Kedziora and Vitaly A Rassolov and David R Maurice and Nikhil Nair and Yihan Shao and Nicholas A Besley and Paul E Maslen and Jeremy P Dombroski and Holger Daschel and Weimin Zhang and Prakashan P Korambath and Jon Baker and Edward F C Byrd and van Voorhis, Troy and Manabu Oumi and So Hirata and Chao-Ping Hsu and Naoto Ishikawa and Jan Florian and Arieh Warshel and Benny G Johnson and Peter M W Gill and Martin Head-Gordon and John A Pople},
   journal     = {J. Comput. Chem.},
   title       = {Q-Chem 2.0: A high-performance \emph{ab initio} electronic structure program package},
   number      = {16},
   pages       = {1532--1548},
   volume      = {21},
   year        = {2000},
   local-url   = {file://localhost/Volumes/Home/benb/Data/Papers/Journal\%20of\%20Computational\%20Chemistry/Journal\%20of\%20Computational\%20Chemistry\%202000,\%2021,\%201532-1548.pdf},
}


@article{Yang:86:208,
   author      = {J T Yang and Chuen Shang C Wu and H M Martinez},
   journal     = {Methods Enzymol.},
   title       = {Calculation of Protein Conformation from Circular Dichroism},
   pages       = {208--269},
   volume      = {130},
   year        = {1986},
}


@article{Pantos:07:2238,
   author      = {G Dan Panto{\c s} and Jean-Luc Wietor and Jeremy K M Sanders},
   journal     = {Angew. Chem. Int. Ed.},
   title       = {Filling Helical Nanotubes with C$_{60}$},
   number      = {13},
   pages       = {2238--2240},
   volume      = {46},
   year        = {2007},
   local-url   = {file://localhost/Volumes/Home/benb/Data/Papers/Angew.\%20Chem.\%20Int.\%20Ed./Angew.\%20Chem.\%20Int.\%20Ed.\%202007,\%2046,\%202238-2240.pdf},
}


@article{Leung:04:953,
   author      = {A K W Leung and Lucile White, E and L J Ross and R C Reynolds and J A DeVito and D W Borhani},
   journal     = {J. Mol. Biol.},
   title       = {Structure of \emph{Mycobacterium tuberculosis} FtsZ Reveals Unexpected, G Protein-Like Conformational Switches},
   pages       = {953--970},
   volume      = {342},
   year        = {2004},
   local-url   = {file://localhost/Volumes/Home/benb/Data/Papers/Journal\%20of\%20Molecular\%20Biology/Journal\%20of\%20Molecular\%20Biology\%202004,\%20342,\%20953-970.pdf},
}


@article{Furche:00:1717,
   author      = {F Furche and R Ahlrichs and C Wachsmann and E Weber and A Sobanski and F V{\"o}gtle and S Grimme},
   journal     = {J. Am. Chem. Soc.},
   title       = {Circular Dichroism of Helicenes Investigated by Time-Dependent Density Functional Theory},
   number      = {8},
   pages       = {1717--1724},
   volume      = {122},
   year        = {2000},
   local-url   = {file://localhost/Volumes/Home/benb/Data/Papers/Journal\%20of\%20the\%20American\%20Chemical\%20Society/Journal\%20of\%20the\%20American\%20Chemical\%20Society\%202000,\%20122,\%201717-1724.pdf},
}


@article{Arago:11:93,
   author      = {Fran{\c c}ois Jean Dominique Arago},
   journal     = {Mem. Sci. Math. Phys. Inst.},
   title       = {M{\'e}moire sur une modification remarquable qu'{\'e}prouvent les rayons lumineux dans leur passage {\`a} travers certains corps diaphanes, et sur quelques autres nouveaux ph{\'e}nom{\`e}nes d'optique (Note on a Remarkable Phenomenon Shown by Light Rays on Their Passage Through Certain Transparent Materials, and on Other New Optical Phenomena)},
   pages       = {93--134},
   volume      = {12},
   year        = {1811},
}


@article{Toumadje:92:321,
   author      = {A Toumadje and S W Alcorn and Johnson, Jr., W C},
   journal     = {Anal. Biochem.},
   title       = {Extending CD Spectra of Proteins to 168 nm Improves the Analysis for Secondary Structures},
   number      = {2},
   pages       = {321--331},
   volume      = {200},
   year        = {1992},
   local-url   = {file://localhost/Volumes/Home/benb/Data/Papers/Analytical\%20Biochemistry/Analytical\%20Biochemistry\%201992,\%20200,\%20321-331.pdf},
}


@article{Condon:37:753,
   author      = {E U Condon and W Altar and Henry Eyring},
   journal     = {J. Chem. Phys.},
   title       = {One-electron rotatory power},
   number      = {10},
   pages       = {753--775},
   volume      = {5},
   year        = {1937},
   local-url   = {file://localhost/Volumes/Home/benb/Data/Papers/Journal\%20of\%20Chemical\%20Physics/Journal\%20of\%20Chemical\%20Physics\%201937,\%205,\%20753-775.pdf},
}


@article{Hirst:02:1037,
   author      = {Jonathan D Hirst and T J McNeany and Trevor Howe and Lewis Whitehead},
   journal     = {Bioorg. Med. Chem.},
   title       = {Application of Non-Parametric Regression to Quantitative Structure-Activity Relationships},
   number      = {4},
   pages       = {1037--1041},
   volume      = {10},
   year        = {2002},
   local-url   = {file://localhost/Volumes/Home/benb/Data/Papers/Bioorganic\%20and\%20Medicinal\%20Chemistry/Bioorganic\%20and\%20Medicinal\%20Chemistry\%202002,\%2010,\%201037-1041.pdf},
}


@article{Crick:54:80,
   author      = {F H C Crick and J D Watson},
   journal     = {Proc. Roy. Soc. A},
   title       = {The Complementary Structure of Deoxyribonucleic Acid},
   pages       = {80--96},
   volume      = {223},
   year        = {1954},
   local-url   = {file://localhost/Volumes/Home/benb/Data/Papers/Proceedings\%20of\%20the\%20Royal\%20Society\%20A/Proceedings\%20of\%20the\%20Royal\%20Society\%20A\%201954,\%20223,\%2080-96.pdf},
}


@article{DeVoe:64:393,
   author      = {Howard DeVoe},
   journal     = {J. Chem. Phys.},
   title       = {Optical Properties of Molecular Aggregates. 1. {C}lassical Model of Electronic Absorption and Refraction},
   number      = {2},
   pages       = {393--400},
   volume      = {41},
   year        = {1964},
   local-url   = {file://localhost/Volumes/Home/benb/Data/Papers/Journal\%20of\%20Chemical\%20Physics/Journal\%20of\%20Chemical\%20Physics\%201964,\%2041,\%20393-400.pdf},
}


@article{Ennaceur:09:1399,
   author      = {Sue M Ennaceur and Matthew R Hicks and Catherine J Pridmore and Tim R Dafforn and Alison Rodger and John M Sanderson},
   journal     = {Biophys. J.},
   title       = {Peptide Adsorption to Lipid Bilayers: Slow Processes Revealed by Linear Dichroism Spectroscopy},
   number      = {4},
   pages       = {1399--1407},
   volume      = {96},
   year        = {2009},
   local-url   = {file://localhost/Volumes/Home/benb/Data/Papers/Biophysical\%20Journal/Biophysical\%20Journal\%202009,\%2096,\%201399-1407.pdf},
}


@article{Besley:99:8559,
   author      = {Nicholas A Besley and Jonathan D Hirst},
   journal     = {J. Am. Chem. Soc.},
   title       = {\emph{Ab Initio} Study of the Electronic Spectrum of Formamide with Explicit Solvent},
   number      = {37},
   pages       = {8559--8566},
   volume      = {121},
   year        = {1999},
   local-url   = {file://localhost/Volumes/Home/benb/Data/Papers/Journal\%20of\%20the\%20American\%20Chemical\%20Society/Journal\%20of\%20the\%20American\%20Chemical\%20Society\%201999,\%20121,\%208559-8566.pdf},
}


@article{Sutherland:80:195,
   author      = {John Clark Sutherland and E J Desmond and P Z Takacs},
   journal     = {Nuc. Inst. Meth.},
   title       = {Versatile Spectrometer for Experiments Using Synchrotron Radiation at Wavelengths Greater Than 100 nm},
   number      = {1-2},
   pages       = {195--199},
   volume      = {172},
   year        = {1980},
   local-url   = {file://localhost/Volumes/Home/benb/Data/Papers/Nuclear\%20Instruments\%20and\%20Methods/Nuclear\%20Instruments\%20and\%20Methods\%201980,\%20172,\%20195-199.pdf},
}


@article{Troxell:71:528,
   author      = {T Troxell and H A Scheraga},
   journal     = {Macromolecules},
   title       = {Electric Dichroism and Polymer Conformation. II. Theory of Electric Dichroism, and Measurements on Poly (n-butyl isocyanate)},
   number      = {5},
   pages       = {528--539},
   volume      = {4},
   year        = {1971},
   local-url   = {file://localhost/Volumes/Home/benb/Data/Papers/Macromolecules/Macromolecules\%201971,\%204,\%20528-539.pdf},
}


@article{Watson:53:964,
   author      = {J D Watson and F H C Crick},
   journal     = {Nature},
   title       = {Genetical Implications of the Structure of Deoxyribonucleic Acid},
   number      = {4361},
   pages       = {964--967},
   volume      = {171},
   year        = {1953},
   local-url   = {file://localhost/Volumes/Home/benb/Data/Papers/Nature/Nature\%201953,\%20171,\%20964-967.pdf},
}


@book{Silinsh:94,
   author      = {Edgar A Silinsh and V Capek},
   publisher   = {American Institute of Physics},
   title       = {Organic Molecular Crystals, Interaction, Localization and Transport Phenomena},
   address     = {New York},
   year        = {1994},
}


@article{Woody:02:535,
   author      = {Robert W Woody and Axel Koslowski},
   journal     = {Biophys. Chem.},
   title       = {Recent developments in the electronic spectroscopy of amides and $\alpha$-helical polypeptides},
   pages       = {535--551},
   volume      = {101--102},
   year        = {2002},
   local-url   = {file://localhost/Volumes/Home/benb/Data/Papers/Biophysical\%20Chemistry/Biophysical\%20Chemistry\%202002,\%20101--102,\%20535-551.pdf},
}


@article{Applequist:82:779,
   author      = {Jon Applequist},
   journal     = {Biopolymers},
   title       = {Theoretical $\pi\pi^*$ Absorption and Circular Dichroic Spectra of Polypeptide $\beta$-Structures},
   number      = {4},
   pages       = {779--795},
   volume      = {21},
   year        = {1982},
   local-url   = {file://localhost/Volumes/Home/benb/Data/Papers/Biopolymers/Biopolymers\%201982,\%2021,\%20779-795.pdf},
}


@article{Roos:80:175,
   author      = {Bj{\"o}rn O Roos},
   journal     = {Int. J. Quant. Chem. Quant. Chem. Sym.},
   title       = {The Complete Active Space SCF Method in a Fock-Matrix-Based Super-CI Formulation},
   pages       = {175--189},
   volume      = {S14},
   year        = {1980},
}


@article{Wada:72:1,
   author      = {A Wada},
   journal     = {Appl. Spectrosc. Rev.},
   title       = {Dichroic Spectra of Biopolymers Oriented by Flow},
   number      = {6},
   pages       = {1--30},
   volume      = {6},
   year        = {1972},
}


@article{Manning:89:8609,
   author      = {M C Manning and Robert W Woody},
   journal     = {Biochemistry},
   title       = {Theoretical study of the contribution of aromatic side chains to the circular dichroism of basic bovine pancreatic trypsin inhibitor},
   number      = {21},
   pages       = {8609--8613},
   volume      = {28},
   year        = {1989},
   local-url   = {file://localhost/Volumes/Home/benb/Data/Papers/Biochemistry/Biochemistry\%201989,\%2028,\%208609-8613.pdf},
}


@article{Moffitt:59:648,
   author      = {William Moffitt and Albert Moscowitz},
   journal     = {J. Chem. Phys.},
   title       = {Optical Activity in Absorbing Media},
   number      = {3},
   pages       = {648--660},
   volume      = {30},
   year        = {1959},
   local-url   = {file://localhost/Volumes/Home/benb/Data/Papers/Journal\%20of\%20Chemical\%20Physics/Journal\%20of\%20Chemical\%20Physics\%201959,\%2030,\%20648-660.pdf},
}


@article{Cintas:07:4016,
   author      = {P Cintas},
   journal     = {Angew. Chem. Int. Ed.},
   title       = {Tracing the Origins and Evolution of Chirality and Handedness in Chemical Language*},
   pages       = {4016--4024},
   volume      = {46},
   year        = {2007},
   local-url   = {file://localhost/Volumes/Home/benb/Data/Papers/Angew.\%20Chem.\%20Int.\%20Ed./Angew.\%20Chem.\%20Int.\%20Ed.\%202007,\%2046,\%204016-4024.pdf},
}


@article{Johnson:90:205,
   author      = {Johnson, Jr., W C},
   journal     = {Proteins: Struct., Funct., Genet.},
   title       = {Protein Secondary Structure and Circular Dichroism: A Practical Guide},
   number      = {3},
   pages       = {205--214},
   volume      = {7},
   year        = {1990},
   local-url   = {file://localhost/Volumes/Home/benb/Data/Papers/Proteins\%20Structure\%20Function\%20and\%20Genetics/Proteins\%20Structure\%20Function\%20and\%20Genetics\%201990,\%207,\%20205-214.pdf},
}


@article{Hirst:98:259,
   author      = {Jonathan D Hirst},
   journal     = {Recent Res. Devel. Synth. Phys. Chem.},
   title       = {Theoretical studies of the circular dichroism of proteins},
   number      = {Pt. 1},
   pages       = {259--270},
   volume      = {2},
   year        = {1998},
}


@article{Tinoco:62:113,
   author      = {Ignacio Tinoco},
   journal     = {Adv. Chem. Phys.},
   title       = {Theoretical Aspects of Optical Activity. 2. Polymers},
   pages       = {113--160},
   volume      = {4},
   year        = {1962},
}


@article{Lees:06:1955,
   author      = {Jonathan G Lees and Andrew J Miles and Frank Wien and Bonnie A Wallace},
   journal     = {Bioinformatics},
   title       = {A Reference Database for Circular Dichroism Spectroscopy Covering Fold and Secondary Structure Space},
   number      = {16},
   pages       = {1955--1962},
   volume      = {22},
   year        = {2006},
   local-url   = {file://localhost/Volumes/Home/benb/Data/Papers/Bioinformatics/Bioinformatics\%202006,\%2022,\%201955-1962.pdf},
}


@article{Cartailler:03:285,
   author      = {J P Cartailler and H Luecke},
   journal     = {Annu. Rev. Biophys. Biomol. Struct.},
   title       = {X-Ray Crystallographic Analysis of Lipid-Protein Interactions in the Bacteriorhodopsin Purple Membrane},
   pages       = {285--310},
   volume      = {32},
   year        = {2003},
}


@misc{MOLCAS,
   author      = {K Andersson and F Aquilante and M Barysz and E Bednarz and A Bernhardsson and M R A Blomberg and Y Carissan and D L Cooper and M Cossi and A D Devarajan and de Vico, L and N Ferr{\'e} and M P F{\"u}lscher and A Gaenko and L Gagliardi and G Ghigo and de Graf, C and B A Hess and D Hagberg and A Holt and Gunnar Karlstr{\"o}m and J W Krogh and R Lindh and Per-{\AA}ke Malmqvist and T Nakajima and P Neogr{\'a}dy and J Olsen and T B Pedersen and J Raab and M Reiher and Bj{\"o}rn O Roos and U Ryde and B Schimmelpfennig and M Sch{\"u}tz and L Seijo and Luis Serrano-Andr{\'e}s and P E M Si{\.e}gbahn and J Stalring and T Thorsteinsson and V Veryazov and Per-Olof Widmark and A Wolf},
   title       = {MOLCAS},
   cite-key    = {MOLCAS},
   year        = {2007},
   local-url   = {file://localhost/Volumes/Home/benb/Data/Papers/Misc/Misc\%202007,\%20,\%20MOLCAS.pdf},
}


@article{Watson:05:1531,
   author      = {Tim M Watson and Jonathan D Hirst},
   journal     = {Mol. Phys.},
   title       = {Theoretical studies of the amide I vibrational frequencies of [Leu]-enkephalin},
   number      = {11-12},
   pages       = {1531--1546},
   volume      = {103},
   year        = {2005},
   local-url   = {file://localhost/Volumes/Home/benb/Data/Papers/Molecular\%20Physics/Molecular\%20Physics\%202005,\%20103,\%201531-1546.pdf},
}


@article{Specht:01:8961,
   author      = {K M Specht and J Nam and D M Ho and Nina Berova and R K Kondru and D N Beratan and P Wipf and R A Pascal and D Kahne},
   journal     = {J. Am. Chem. Soc.},
   title       = {Determining Absolute Configuration in Flexible Molecules: A Case Study},
   number      = {37},
   pages       = {8961--8966},
   volume      = {123},
   year        = {2001},
   local-url   = {file://localhost/Volumes/Home/benb/Data/Papers/Journal\%20of\%20the\%20American\%20Chemical\%20Society/Journal\%20of\%20the\%20American\%20Chemical\%20Society\%202001,\%20123,\%208961-8966.pdf},
}


@article{Ball:04:28,
   author      = {D W Ball},
   journal     = {Spectroscopy},
   title       = {The Baseline Dichroism Spectroscopy},
   number      = {11},
   pages       = {28--30},
   volume      = {19},
   year        = {2004},
   local-url   = {file://localhost/Volumes/Home/benb/Data/Papers/Spectroscopy/Spectroscopy\%202004,\%2019,\%2028-30.pdf},
}


@article{Sebek:07:2750,
   author      = {J {\v S}ebek and B Gyurcsik and J {\v S}ebest{\'\i}k and Zeden{\v e}k Kej{\'\i}k and L Bedn{\'a}rov{\'a} and P Bou{\v r}},
   journal     = {J. Phys. Chem. A},
   title       = {Interpretation of Synchrotron Radiation Circular Dichroism Spectra of Anionic, Cationic, and Zwitterionic Dialanine Forms},
   number      = {14},
   pages       = {2750--2760},
   volume      = {111},
   year        = {2007},
   local-url   = {file://localhost/Volumes/Home/benb/Data/Papers/J.\%20Phys.\%20Chem.\%20A/J.\%20Phys.\%20Chem.\%20A\%202007,\%20111,\%202750-2760.pdf},
}


@article{Morimatsu:06:192,
   author      = {Katsumi Morimatsu and Masayuki Takahashi},
   journal     = {Anal. Biochem.},
   title       = {Structural Analysis of RecA Protein-DNA Complexes by Fluorescence-Detected Linear Dichroism: Absence of Structural Change of Filament for Pairing of Complementary DNA Strands},
   number      = {2},
   pages       = {192--198},
   volume      = {358},
   year        = {2006},
   local-url   = {file://localhost/Volumes/Home/benb/Data/Papers/Analytical\%20Biochemistry/Analytical\%20Biochemistry\%202006,\%20358,\%20192-198.pdf},
}


@article{Besley:99:139,
   author      = {Nicholas A Besley and Jonathan D Hirst},
   journal     = {Trends Phys. Chem.},
   title       = {Electronic Structure of Amides and the Circular Dichroism of Proteins},
   pages       = {139--144},
   volume      = {7},
   year        = {1999},
}


@article{Fuller:65:60,
   author      = {W Fuller and M H Wilkins and H R Wilson and L D Hamilton},
   journal     = {J. Mol. Biol.},
   title       = {The Molecular Configuration of Deoxyribonucleic Acid. IV. X-Ray Diffraction Study of the A Form},
   pages       = {60--76},
   volume      = {12},
   year        = {1965},
}


@article{Rogers:03:11191,
   author      = {David M Rogers and Jonathan D Hirst},
   journal     = {J. Phys. Chem. A},
   title       = {\emph{Ab Initio} Study of Aromatic Side Chains of Amino Acids in Gas Phase and Solution},
   number      = {50},
   pages       = {11191--11200},
   volume      = {107},
   year        = {2003},
   local-url   = {file://localhost/Volumes/Home/benb/Data/Papers/J.\%20Phys.\%20Chem.\%20A/J.\%20Phys.\%20Chem.\%20A\%202003,\%20107,\%2011191-11200.pdf},
}


@article{Trojanowski:02:457,
   author      = {John Q Trojanowski and V M.-Y Lee},
   journal     = {Neurotoxicology},
   title       = {Parkinson's Disease and Related Synucleinopathies are a New Class of Nervous System Amyloidoses},
   number      = {4-5},
   pages       = {457--460},
   volume      = {23},
   year        = {2002},
   local-url   = {file://localhost/Volumes/Home/benb/Data/Papers/NeuroToxicology/NeuroToxicology\%202002,\%2023,\%20457-460-1.pdf},
}


@article{Taylor:03:026310/1,
   author      = {M A Taylor and S Kurien and G L Eyink},
   journal     = {Phys. Rev. E},
   title       = {Recovering isotropic statistics in turbulence simulations: The Kolmogorov 4/5th law},
   pages       = {026310/1 -- 026310/8},
   volume      = {68},
   year        = {2003},
   local-url   = {file://localhost/Volumes/Home/benb/Data/Papers/Physical\%20Review\%20E/Physical\%20Review\%20E\%202003,\%2068,\%200263101\%20-\%200263108.pdf},
}


@article{Gawronski:00:263,
   author      = {Jski Gawro{\'n}ski and M Brzostowska and K Kacprzak and H Ko{\l}bon and P Skowronek},
   journal     = {Chirality},
   title       = {Chirality of Aromatic Bis-Imides from Their Circular Dichroism Spectra},
   number      = {4},
   pages       = {263--268},
   volume      = {12},
   year        = {2000},
   local-url   = {file://localhost/Volumes/Home/benb/Data/Papers/Chirality/Chirality\%202000,\%2012,\%20263-268.pdf},
}


@article{Westermark:05:1,
   author      = {Per Westermark and Merrill D Benson and Joel N Buxbaum and Alan S Cohen and Blas Frangione and Shu-Ichi Ikeda and Colin L Masters and Giampaolo Merlini and Maria J Saraiva and Jean D Sipe},
   journal     = {Amyloid},
   title       = {Amyloid: Toward Terminology Clarification. Report from the Nomenclature Committee of the International Society of Amyloidosis},
   number      = {1},
   pages       = {1--4},
   volume      = {12},
   year        = {2005},
   local-url   = {file://localhost/Volumes/Home/benb/Data/Papers/Amyloid/Amyloid\%202005,\%2012,\%201-4.pdf},
}


@article{Tozer:99:859,
   author      = {D J Tozer and R D Amos and N C Handy and Bj{\"o}rn O Roos and Luis Serrano-Andr{\'e}s},
   journal     = {Mol. Phys.},
   title       = {Does Density Functional Theory Contribute to the Understanding of Excited States of Unsaturated Organic Compounds?},
   number      = {7},
   pages       = {859--868},
   volume      = {97},
   year        = {1999},
   local-url   = {file://localhost/Volumes/Home/benb/Data/Papers/Molecular\%20Physics/Molecular\%20Physics\%201999,\%2097,\%20859-868.pdf},
}


@article{Burge:06:5402,
   author      = {S Burge and G N Parkinson and P Hazel and A K Todd and S Neidle},
   journal     = {Nucleic Acids Res.},
   title       = {Quadruplex DNA: Sequence, Topology and Structure},
   number      = {19},
   pages       = {5402--5415},
   volume      = {34},
   year        = {2006},
   local-url   = {file://localhost/Volumes/Home/benb/Data/Papers/Nucleic\%20Acids\%20Research/Nucleic\%20Acids\%20Research\%202006,\%2034,\%205402-5415.pdf},
}


@article{Hirst:03:11813,
   author      = {Jonathan D Hirst and Karl Colella and Andrew T B Gilbert},
   journal     = {J. Phys. Chem. B},
   title       = {Electronic Circular Dichroism of Proteins from First-Principles Calculations},
   number      = {42},
   pages       = {11813--11819},
   volume      = {107},
   year        = {2003},
   local-url   = {file://localhost/Volumes/Home/benb/Data/Papers/Journal\%20of\%20Physical\%20Chemistry\%20B/Journal\%20of\%20Physical\%20Chemistry\%20B\%202003,\%20107,\%2011813-11819.pdf},
}


@article{Hicks:08:358,
   author      = {Matthew R Hicks and A Damianoglou and Alison Rodger and T Dafforn},
   journal     = {J. Mol. Biol.},
   title       = {Folding and Membrane Insertion of the Pore-Forming Peptide Gramicidin Occur as a Concerted Process},
   number      = {2},
   pages       = {358--366},
   volume      = {383},
   year        = {2008},
   local-url   = {file://localhost/Volumes/Home/benb/Data/Papers/Journal\%20of\%20Molecular\%20Biology/Journal\%20of\%20Molecular\%20Biology\%202008,\%20383,\%20358-366.pdf},
}


@article{Hall:84:584,
   author      = {K Hall and P Cruz and Tinoco, Jr., Ignacio and T M Jovin and van de Sande, Johan H},
   journal     = {Nature},
   title       = {`Z-RNA' -- A Left-Handed RNA Double Helix},
   number      = {5986},
   pages       = {584--586},
   volume      = {311},
   year        = {1984},
   local-url   = {file://localhost/Volumes/Home/benb/Data/Papers/Nature/Nature\%201984,\%20311,\%20584-586.pdf},
}


@article{Biot:12:1,
   author      = {Jean-Baptiste Biot},
   journal     = {Mem. Sci. Math. Phys. Inst.},
   title       = {M{\'e}moire sur un nouveau genre d'oscillation que les mol{\'e}cules de lumi{\`e}re {\'e}prouvent en traversant certains cristaux (Note on a New Type of Oscillation that Molecules of Light Show on Traversing Certain Crystals)},
   pages       = {1--372},
   volume      = {13},
   year        = {1812},
}


@article{Li:07:11579,
   author      = {Zhenyu Li and Shaul Mukamel},
   journal     = {J. Phys. Chem. A},
   title       = {First-Principles Simulation of Amide and Aromatic Side Chain Ultraviolet Spectroscopy of a Cyclic Dipeptide},
   number      = {45},
   pages       = {11579--11583},
   volume      = {111},
   year        = {2007},
   local-url   = {file://localhost/Volumes/Home/benb/Data/Papers/Journal\%20of\%20Physical\%20Chemistry\%20A/Journal\%20of\%20Physical\%20Chemistry\%20A\%202007,\%20111,\%2011579-11583.pdf},
}


@article{Marrington:04:48821,
   author      = {Rachel Marrington and E Small and Alison Rodger and Timothy R Dafforn and Stephen G Addinall},
   journal     = {J. Biol. Chem.},
   title       = {FtsZ Fiber Bundling is Triggered by a Conformational Change in Bound GTP},
   number      = {47},
   pages       = {48821--48829},
   volume      = {279},
   year        = {2004},
   local-url   = {file://localhost/Volumes/Home/benb/Data/Papers/Journal\%20of\%20Biological\%20Chemistry/Journal\%20of\%20Biological\%20Chemistry\%202004,\%20279,\%2048821-48829.pdf},
}


@article{Campbell:89:8131,
   author      = {B F Campbell and L B Clark},
   journal     = {J. Am. Chem. Soc.},
   title       = {Polarized Vacuum Ultraviolet Spectra of Crystalline Urea},
   number      = {21},
   pages       = {8131--8136},
   volume      = {111},
   year        = {1989},
   local-url   = {file://localhost/Volumes/Home/benb/Data/Papers/Journal\%20of\%20the\%20American\%20Chemical\%20Society/Journal\%20of\%20the\%20American\%20Chemical\%20Society\%201989,\%20111,\%208131-8136.pdf},
}


@article{Dang:01:3619,
   author      = {Zhijing Dang and Jonathan D Hirst},
   journal     = {Angew. Chem. Int. Ed.},
   title       = {Short Hydrogen Bonds, Circular Dichroism, and Over-Estimates of Peptide Helicity},
   number      = {19},
   pages       = {3619--3621},
   volume      = {40},
   year        = {2001},
   local-url   = {file://localhost/Volumes/Home/benb/Data/Papers/Angew.\%20Chem.\%20Int.\%20Ed./Angew.\%20Chem.\%20Int.\%20Ed.\%202001,\%2040,\%203619-3621.pdf},
}


@review{Simpson:04:1301,
   author      = {Garth J Simpson},
   journal     = {ChemPhysChem},
   title       = {Molecular origins of the remarkable chiral sensitivity of second-order nonlinear optics},
   number      = {9},
   pages       = {1301--1310},
   volume      = {5},
   year        = {2004},
   local-url   = {file://localhost/Volumes/Home/benb/Data/Papers/ChemPhysChem/ChemPhysChem\%202004,\%205,\%201301-1310-1.pdf},
}


@article{Elbert:74:857,
   author      = {S T Elbert and E R Davidson},
   journal     = {Int. J. Quantum Chem.},
   title       = {\emph{Ab Initio} Calculations on Urea},
   number      = {6},
   pages       = {857--892},
   volume      = {8},
   year        = {1974},
}


@article{Smith:04:325,
   author      = {Andrew M Smith and Steve F A Acquah and Neil Bone and Harold W Kroto and Maxim G Ryadnov and M S P Stevens and D R M Walton and Derek N Woolfson},
   journal     = {Angew. Chem. Int. Ed.},
   title       = {Polar Assembly in a Designed Protein Fiber},
   number      = {2},
   pages       = {325--328},
   volume      = {44},
   year        = {2004},
   local-url   = {file://localhost/Volumes/Home/benb/Data/Papers/Angew.\%20Chem.\%20Int.\%20Ed./Angew.\%20Chem.\%20Int.\%20Ed.\%202004,\%2044,\%20325-328.pdf},
}


@article{Melville:04:1294,
   author      = {James L Melville and Jonathan D Hirst},
   journal     = {J. Chem. Inf. Comput. Sci.},
   title       = {On the Stability of CoMFA Models},
   number      = {4},
   pages       = {1294--1300},
   volume      = {44},
   year        = {2004},
   local-url   = {file://localhost/Volumes/Home/benb/Data/Papers/Journal\%20of\%20Chemical\%20Information\%20and\%20Computer\%20Scien.../Journal\%20of\%20Chemical\%20Information\%20and\%20Computer\%20Sciences\%202004,\%2044,\%201294-1300.pdf},
}


@article{Mao:84:2667,
   author      = {D Mao and Bonnie A Wallace},
   journal     = {Biochemistry},
   title       = {Differential Light Scattering and Absorption Flattening Optical Effects Are Minimal in the Circular Dichroism Spectra of Small Unilamellar Vesicles},
   number      = {12},
   pages       = {2667--2673},
   volume      = {23},
   year        = {1984},
   local-url   = {file://localhost/Volumes/Home/benb/Data/Papers/Biochemistry/Biochemistry\%201984,\%2023,\%202667-2673.pdf},
}


@article{Sterzel:04:93,
   author      = {M Sterzel and M Andrzejak and M T Pawlikowski and Jski Gawro{\'n}ski},
   journal     = {Chem. Phys.},
   title       = {Absorption and Magnetic Circular Dichroism (MCD) Studies of 1,4,5,8-Naphthalenetetracarboxy Diimides in Terms of CASSCF Method and FC Theory},
   number      = {1-3},
   pages       = {93--105},
   volume      = {300},
   year        = {2004},
   local-url   = {file://localhost/Volumes/Home/benb/Data/Papers/Chemical\%20Physics/Chemical\%20Physics\%202004,\%20300,\%2093-105.pdf},
}


@article{Iijima:91:56,
   author      = {S Iijima},
   journal     = {Nature},
   title       = {Helical Microtubules of Graphitic Carbon},
   pages       = {56--58},
   volume      = {354},
   year        = {1991},
   local-url   = {file://localhost/Volumes/Home/benb/Data/Papers/Nature/Nature\%201991,\%20354,\%2056-58.pdf},
}


@article{Aldaz:05:523,
   author      = {Hector Aldaz and Luke M Rice and Tim Stearns and David A Agard},
   journal     = {Nature},
   title       = {Insights Into Microtubule Nucleation from the Crystal Structure of Human Gamma-Tubulin},
   number      = {7041},
   pages       = {523--527},
   volume      = {435},
   year        = {2005},
   local-url   = {file://localhost/Volumes/Home/benb/Data/Papers/Nature/Nature\%202005,\%20435,\%20523-527.pdf},
}


@article{Hirst:02:123,
   author      = {Jonathan D Hirst},
   journal     = {in: Modern Protein Chemistry},
   title       = {Computer modeling of protein structure},
   pages       = {123--143},
   year        = {2002},
}


@article{Vieth:98:563,
   author      = {Michal Vieth and Jonathan D Hirst and Brooks, III, Charles L},
   journal     = {J. Comput.-Aided Mol. Des.},
   title       = {Do active site conformations of small ligands correspond to low free-energy solution structures?},
   number      = {6},
   pages       = {563--572},
   volume      = {12},
   year        = {1998},
   local-url   = {file://localhost/Volumes/Home/benb/Data/Papers/Journal\%20of\%20Computer-Aided\%20Molecular\%20Design/Journal\%20of\%20Computer-Aided\%20Molecular\%20Design\%201998,\%2012,\%20563-572.pdf},
}


@article{Bulheller:09:539,
   author      = {Benjamin M Bulheller and Jonathan D Hirst},
   journal     = {Bioinformatics},
   title       = {DichroCalc -- Circular and Linear Dichroism Online},
   number      = {4},
   pages       = {539--540},
   volume      = {25},
   year        = {2009},
   local-url   = {file://localhost/Volumes/Home/benb/Data/Papers/Bioinformatics/Bioinformatics\%202009,\%2025,\%20539-540.pdf},
}


@article{Papapostolou:07:10853,
   author      = {David Papapostolou and Andrew M Smith and E D T Atkins and S J Oliver and Maxim G Ryadnov and L C Serpell and Derek N Woolfson},
   journal     = {Proc. Natl. Acad. Sci.},
   title       = {Engineering Nanoscale Order into a Designed Protein Fiber},
   number      = {26},
   pages       = {10853--10858},
   volume      = {104},
   year        = {2007},
   local-url   = {file://localhost/Volumes/Home/benb/Data/Papers/Proceedings\%20of\%20the\%20National\%20Academy\%20of\%20Sciences/Proceedings\%20of\%20the\%20National\%20Academy\%20of\%20Sciences\%202007,\%20104,\%2010853-10858.pdf},
}


@article{Rost:04:W321,
   author      = {B Rost and G Yachdav and J F Liu},
   journal     = {Nucleic Acids Res.},
   title       = {The PredictProtein server (http://www.predictprotein.org/)},
   pages       = {W321--W326},
   volume      = {32},
   year        = {2004},
   local-url   = {file://localhost/Volumes/Home/benb/Data/Papers/Nucleic\%20Acids\%20Research/Nucleic\%20Acids\%20Research\%202004,\%2032,\%20W321-W326.pdf},
}


@article{McLachlan:79:49,
   author      = {A McLachlan},
   journal     = {J. Mol. Biol.},
   title       = {Gene duplications in the structural evolution of chymotrypsin.},
   pages       = {49--79},
   volume      = {128},
   year        = {1979},
   local-url   = {file://localhost/Volumes/Home/benb/Data/Papers/Journal\%20of\%20Molecular\%20Biology/Journal\%20of\%20Molecular\%20Biology\%201979,\%20128,\%2049-79.pdf},
}


@article{Katz:00:478,
   author      = {H E Katz and A J Lovinger and J Johnson and C Kloc and T Siegrist and W Li and Y Y Lin and A Dodabalapur},
   journal     = {Nature},
   title       = {A Soluble and Air-Stable Organic Semiconductor with High Electron Mobility},
   number      = {6777},
   pages       = {478--481},
   volume      = {404},
   year        = {2000},
   local-url   = {file://localhost/Volumes/Home/benb/Data/Papers/Nature/Nature\%202000,\%20404,\%20478-481.pdf},
}


@article{Sreerama:03:384,
   author      = {Narasimha Sreerama and Robert W Woody},
   journal     = {Protein Sci.},
   title       = {Structural Composition of $\beta$I- and $\beta$II-Proteins},
   number      = {2},
   pages       = {384--388},
   volume      = {12},
   year        = {2003},
   local-url   = {file://localhost/Volumes/Home/benb/Data/Papers/Protein\%20Science/Protein\%20Science\%202003,\%2012,\%20384-388.pdf},
}


@article{Laskowski:93:283,
   author      = {R A Laskowski and M W MacArthur and D S Moss and J M Thornton},
   journal     = {J. Appl. Crystallogr.},
   title       = {PROCHECK: A Program to Check the Stereochemical Quality of Protein Structures},
   number      = {2},
   pages       = {283--291},
   volume      = {26},
   year        = {1993},
   local-url   = {file://localhost/Volumes/Home/benb/Data/Papers/Journal\%20of\%20Applied\%20Crystallography/Journal\%20of\%20Applied\%20Crystallography\%201993,\%2026,\%20283-291.pdf},
}


@article{Cole:08:W197,
   author      = {Christian Cole and Jonathan D Barber and Geoffrey J Barton},
   journal     = {Nucleic Acids Res.},
   title       = {The Jpred 3 Secondary Structure Prediction Server},
   number      = {Web Server Issue},
   pages       = {W197--W201},
   volume      = {36},
   year        = {2008},
   local-url   = {file://localhost/Volumes/Home/benb/Data/Papers/Nucleic\%20Acids\%20Research/Nucleic\%20Acids\%20Research\%202008,\%2036,\%20W197-W201.pdf},
}


@article{Hirst:98:215,
   author      = {Jonathan D Hirst},
   journal     = {Enantiomer},
   title       = {Improving protein circular dichroism calculations through better \emph{ab initio} models of the amide chromophore},
   number      = {3},
   pages       = {215--220},
   volume      = {3},
   year        = {1998},
}


@article{Albinsson:89:6646,
   author      = {Bo Albinsson and Mikael Kubista and Bengt Nord{\'e}n and Erik W Thulstrup},
   journal     = {J. Phys. Chem.},
   title       = {Near-Ultraviolet Electronic Transitions of the Tryptophan Chromophore: Linear Dichroism, Fluorescence Anisotropy, and Magnetic Circular Dichroism Spectra of Some Indole Derivatives },
   number      = {18},
   pages       = {6646--6654},
   volume      = {93},
   year        = {1989},
   local-url   = {file://localhost/Volumes/Home/benb/Data/Papers/Journal\%20of\%20Physical\%20Chemistry/Journal\%20of\%20Physical\%20Chemistry\%201989,\%2093,\%206646-6654.pdf},
}


@article{Kabsch:83:2577,
   author      = {W Kabsch and C Sander},
   journal     = {Biopolymers},
   title       = {Dictionary of Protein Secondary Structure: Pattern Recognition of Hydrogen-Bonded and Geometrical Features},
   number      = {12},
   pages       = {2577--2637},
   volume      = {22},
   year        = {1983},
   local-url   = {file://localhost/Volumes/Home/benb/Data/Papers/Biopolymers/Biopolymers\%201983,\%2022,\%202577-2637.pdf},
}


@article{Woody:99:2844,
   author      = {Robert W Woody and Narasimha Sreerama},
   journal     = {J. Chem. Phys.},
   title       = {Comment on "Improving Protein Circular Dichroism Calculations in the Far-Ultraviolet Through Reparametrizing the Amide Chromophore" [J. Chem. Phys. 109, 782, (1998)]},
   number      = {6},
   pages       = {2844--2845},
   volume      = {111},
   year        = {1999},
   local-url   = {file://localhost/Volumes/Home/benb/Data/Papers/Journal\%20of\%20Chemical\%20Physics/Journal\%20of\%20Chemical\%20Physics\%201999,\%20111,\%202844-2845.pdf},
}


@article{Reynolds:77:2803,
   author      = {J A Reynolds and W Stoeckenius},
   journal     = {Proc. Natl. Acad. Sci. U. S. A.},
   title       = {Molecular-Weight of Bacteriorhodopsin Solubilized in Triton X-100},
   number      = {7},
   pages       = {2803--2804},
   volume      = {74},
   year        = {1977},
   local-url   = {file://localhost/Volumes/Home/benb/Data/Papers/Proceedings\%20of\%20the\%20National\%20Academy\%20of\%20Sciences\%20of.../Proceedings\%20of\%20the\%20National\%20Academy\%20of\%20Sciences\%20of\%20the\%20United\%20States\%20of\%20America\%201977,\%2074,\%202803-2804.pdf},
}


@article{Westermark:05:5942,
   author      = {Per Westermark},
   journal     = {FEBS J.},
   title       = {Aspects on Human Amyloid Forms and Their Fibril Polypeptides},
   number      = {23},
   pages       = {5942--5949},
   volume      = {272},
   year        = {2005},
   local-url   = {file://localhost/Volumes/Home/benb/Data/Papers/FEBS\%20J/FEBS\%20J\%202005,\%20272,\%205942-5949.pdf},
}


@inbook{Rodger:02:3,
   author      = {Alison Rodger and J Rajendra and R Mortimer and T Andrews and Jonathan D Hirst and Andrew T B Gilbert and Rachel Marrington and Timothy R Dafforn and David J Halsall and Malin Ardhammar and Bengt Nord{\'e}n and C A Woolhead and C Robinson and T J T Pinheiro and J Kazlauskaite and M Seymour and N Perez and M J Hannon and R H Templer and R Leatherbarrow},
   publisher   = {Biophysical Chemistry: Membranes and Proteins},
   title       = {Flow Oriented Linear Dichroism to Probe Protein Orientation in Membrane Environments},
   pages       = {3--19},
   address     = {Cambridge},
   year        = {2002},
}


@article{Kuhn:29:14,
   author      = {W Kuhn},
   journal     = {Z. Phys. Chem. B},
   title       = {Quantitative Verh{\"a}ltnisse und Beziehungen bei der Nat{\"u}rlichen Optischen Aktivit{\"a}t [Quantitative Ratio and Connections in Natural Optical Activity]},
   number      = {1/2},
   pages       = {14--36},
   volume      = {4},
   year        = {1929},
}


@article{Rodger:93:232,
   author      = {Alison Rodger},
   journal     = {Methods Enzymol.},
   title       = {Linear Dichroism},
   pages       = {232--258},
   volume      = {226},
   year        = {1993},
   local-url   = {file://localhost/Volumes/Home/benb/Data/Papers/Methods\%20in\%20Enzymology/Methods\%20in\%20Enzymology\%201993,\%20226,\%20232-258.pdf},
}


@article{Moffitt:56:467,
   author      = {William Moffitt},
   journal     = {J. Chem. Phys.},
   title       = {Optical Rotatory Dispersion of Helical Polymers},
   number      = {3},
   pages       = {467--478},
   volume      = {25},
   year        = {1956},
   local-url   = {file://localhost/Volumes/Home/benb/Data/Papers/Journal\%20of\%20Chemical\%20Physics/Journal\%20of\%20Chemical\%20Physics\%201956,\%2025,\%20467-478.pdf},
}


@article{Butz:02:91,
   author      = {P Butz and G E Tranter and J P Simons},
   journal     = {PhysChemComm},
   title       = {Molecular Conformation in the Gas Phase and in Solution},
   number      = {14},
   pages       = {91--93},
   volume      = {5},
   year        = {2002},
   local-url   = {file://localhost/Volumes/Home/benb/Data/Papers/Physchemcomm/Physchemcomm\%202002,\%205,\%2091-93.pdf},
}


@article{Cerf:52:185,
   author      = {Roger Cerf and H A Scheraga},
   journal     = {Chem. Rev.},
   title       = {Flow Birefringence in Solutions of Macromolecules},
   number      = {2},
   pages       = {185--261},
   volume      = {51},
   year        = {1952},
   local-url   = {file://localhost/Volumes/Home/benb/Data/Papers/Chemical\%20Reviews/Chemical\%20Reviews\%201952,\%2051,\%20185-261.pdf},
}


@article{Ardhammar:98:9957,
   author      = {Malin Ardhammar and N Mikati and Bengt Nord{\'e}n},
   journal     = {J. Am. Chem. Soc.},
   title       = {Chromophore Orientation in Liposome Membranes Probed with Flow Linear Dichroism},
   number      = {38},
   pages       = {9957--9958},
   volume      = {120},
   year        = {1998},
   local-url   = {file://localhost/Volumes/Home/benb/Data/Papers/Journal\%20of\%20the\%20American\%20Chemical\%20Society/Journal\%20of\%20the\%20American\%20Chemical\%20Society\%201998,\%20120,\%209957-9958.pdf},
}


@article{Moffitt:57:723,
   author      = {William Moffitt and Donald D Fitts and John G Kirkwood},
   journal     = {Proc. Natl. Acad. Sci. U. S. A.},
   title       = {Critique of the Theory of Optical Activity of Helical Polymers},
   number      = {8},
   pages       = {723--730},
   volume      = {43},
   year        = {1957},
   local-url   = {file://localhost/Volumes/Home/benb/Data/Papers/Proceedings\%20of\%20the\%20National\%20Academy\%20of\%20Sciences\%20of.../Proceedings\%20of\%20the\%20National\%20Academy\%20of\%20Sciences\%20of\%20the\%20United\%20States\%20of\%20America\%201957,\%2043,\%20723-730.pdf},
}


@article{Wallace:00:708,
   author      = {Bonnie A Wallace},
   journal     = {Nature Struct. Biol.},
   title       = {Conformational Changes by Synchrotron Radiation Circular Dichroism Spectroscopy},
   number      = {9},
   pages       = {708--709},
   volume      = {7},
   year        = {2000},
   local-url   = {file://localhost/Volumes/Home/benb/Data/Papers/Nature\%20Structural\%20Biology/Nature\%20Structural\%20Biology\%202000,\%207,\%20708-709.pdf},
}


@article{Grimme:98:1491,
   author      = {S Grimme and J Harren and A Sobanski and F V{\"o}gtle},
   journal     = {Eur. J. Org. Chem.},
   title       = {Structure/Chiroptics relationships of planar chiral and helical molecules},
   number      = {8},
   pages       = {1491--1509},
   volume      = {1998},
   year        = {1998},
   local-url   = {file://localhost/Volumes/Home/benb/Data/Papers/European\%20Journal\%20of\%20Organic\%20Chemistry/European\%20Journal\%20of\%20Organic\%20Chemistry\%201998,\%201998,\%201491-1509.pdf},
}


@article{Matsuo:07:4088,
   author      = {K Matsuo and Y Sakurada and R Yonehara and M Kataoka and Kunihiko Gekko},
   journal     = {Biophys. J.},
   title       = {Secondary-Structure Analysis of Denatured Proteins by Vacuum-Ultraviolet Circular Dichroism Spectroscopy},
   pages       = {4088--4096},
   volume      = {92},
   year        = {2007},
   local-url   = {file://localhost/Volumes/Home/benb/Data/Papers/Biophysical\%20Journal/Biophysical\%20Journal\%202007,\%2092,\%204088-4096.pdf},
}


@book{Barron:82,
   author      = {Laurence D Barron},
   publisher   = {Cambridge University Press},
   title       = {Molecular Light Scattering and Optical Activity},
   edition     = {1},
   address     = {Cambridge},
   year        = {1982},
   local-url   = {file://localhost/Volumes/Home/benb/Data/Papers/Cambridge\%20University\%20Press/Cambridge\%20University\%20Press\%201982,\%20Cambridge.pdf},
}


@article{Petke:92:6992,
   author      = {James D Petke and Gerald M Maggiora and Ralph E Christoffersen},
   journal     = {J. Phys. Chem.},
   title       = {\emph{Ab Initio} Configuration Interaction and Random Phase Approximation Calculations of the Excited Singlet and Triplet States of Uracil and Cytosine},
   number      = {17},
   pages       = {6992--7001},
   volume      = {96},
   year        = {1992},
   local-url   = {file://localhost/Volumes/Home/benb/Data/Papers/Journal\%20of\%20Physical\%20Chemistry/Journal\%20of\%20Physical\%20Chemistry\%201992,\%2096,\%206992-7001.pdf},
}


@article{Barlow:88:601,
   author      = {D J Barlow and J M Thornton},
   journal     = {J. Mol. Biol.},
   title       = {Helix Geometry in Proteins},
   number      = {3},
   pages       = {601--619},
   volume      = {201},
   year        = {1988},
   local-url   = {file://localhost/Volumes/Home/benb/Data/Papers/Journal\%20of\%20Molecular\%20Biology/Journal\%20of\%20Molecular\%20Biology\%201988,\%20201,\%20601-619.pdf},
}


@article{Christov:08:89,
   author      = {C Christov and T Karabencheva and A Lodola},
   journal     = {Chem. Phys. Lett.},
   title       = {Aromatic Interactions and Rotational Strengths Within Protein Environment: An Electronic Structural Study on $\beta$-lactamases from Class A},
   number      = {1-3},
   pages       = {89--95},
   volume      = {456},
   year        = {2008},
   local-url   = {file://localhost/Volumes/Home/benb/Data/Papers/Chemical\%20Physics\%20Letters/Chemical\%20Physics\%20Letters\%202008,\%20456,\%2089-95.pdf},
}


@article{Besley:00:161,
   author      = {Nicholas A Besley and Jonathan D Hirst},
   journal     = {J. Mol. Struct. -- THEOCHEM},
   title       = {Hydrogen Bonding in Protein Circular Dichroism Calculations},
   pages       = {161--167},
   volume      = {506},
   year        = {2000},
   local-url   = {file://localhost/Volumes/Home/benb/Data/Papers/Journal\%20of\%20Molecular\%20Structure\%20(THEOCHEM)/Journal\%20of\%20Molecular\%20Structure\%20(THEOCHEM)\%202000,\%20506,\%20161-167-1.pdf},
}


@article{Smith:06:1022,
   author      = {Andrew M Smith and Eleanor F Banwell and W R Edwards and M J Pandya and Derek N Woolfson},
   journal     = {Adv. Funct. Mater.},
   title       = {Engineering Increased Stability into Self-Assembled Protein Fibers},
   number      = {8},
   pages       = {1022--1030},
   volume      = {16},
   year        = {2006},
   local-url   = {file://localhost/Volumes/Home/benb/Data/Papers/Advanced\%20Functional\%20Materials/Advanced\%20Functional\%20Materials\%202006,\%2016,\%201022-1030.pdf},
}


@article{Serrano-Andres:01:9323,
   author      = {Luis Serrano-Andr{\'e}s and Markus P F{\"u}lscher},
   journal     = {J. Phys. Chem. B},
   title       = {Charge Transfer Transitions in Neutral and Ionic Polypeptides: A Theoretical Study},
   number      = {38},
   pages       = {9323--9330},
   volume      = {105},
   year        = {2001},
   local-url   = {file://localhost/Volumes/Home/benb/Data/Papers/Journal\%20of\%20Physical\%20Chemistry\%20B/Journal\%20of\%20Physical\%20Chemistry\%20B\%202001,\%20105,\%209323-9330.pdf},
}


@article{King:93:279,
   author      = {Ross D King and Jonathan D Hirst and Michael J E Sternberg},
   journal     = {Perspect. Drug Discovery Des.},
   title       = {New Approaches to QSAR: Neural Networks and Machine Learning},
   number      = {2},
   pages       = {279--290},
   volume      = {1},
   year        = {1993},
   local-url   = {file://localhost/Volumes/Home/benb/Data/Papers/Perspectives\%20in\%20Drug\%20Discovery\%20and\%20Design/Perspectives\%20in\%20Drug\%20Discovery\%20and\%20Design\%201993,\%201,\%20279-290.pdf},
}


@article{Higashi:63:421,
   author      = {S Higashi and M Kasai and F Oosawa and A Wada},
   journal     = {J. Mol. Biol.},
   title       = {Ultraviolet Dichroism of F-Actin Oriented by Flow},
   pages       = {421--430},
   volume      = {7},
   year        = {1963},
   local-url   = {file://localhost/Volumes/Home/benb/Data/Papers/Journal\%20of\%20Molecular\%20Biology/Journal\%20of\%20Molecular\%20Biology\%201963,\%207,\%20421-430.pdf},
}


@article{Blackburne:03:3453,
   author      = {Benjamin P Blackburne and Jonathan D Hirst},
   journal     = {J. Chem. Phys.},
   title       = {Three-Dimensional Functional Model Proteins: Structure Function and Evolution},
   number      = {6},
   pages       = {3453--3460},
   volume      = {119},
   year        = {2003},
   local-url   = {file://localhost/Volumes/Home/benb/Data/Papers/Journal\%20of\%20Chemical\%20Physics/Journal\%20of\%20Chemical\%20Physics\%202003,\%20119,\%203453-3460.pdf},
}


@article{Schatzt:05:14445,
   author      = {G C Schatzt and David M Tiede and L Zhang and F D Lewis},
   journal     = {J. Am. Chem. Soc.},
   title       = {DNA as Helical Ruler: Exciton-Coupled Circular Dichroism in DNA Conjugates},
   pages       = {14445--14453},
   volume      = {127},
   year        = {2005},
   local-url   = {file://localhost/Volumes/Home/benb/Data/Papers/Journal\%20of\%20the\%20American\%20Chemical\%20Society/Journal\%20of\%20the\%20American\%20Chemical\%20Society\%202005,\%20127,\%2014445-14453.pdf},
}


@article{Small:07:210,
   author      = {Elaine Small and Rachel Marrington and Alison Rodger and David J Scott and Katherine Sloan and David Roper and Timothy R Dafforn and Stephen G Addinall},
   journal     = {J. Mol. Biol.},
   title       = {FtsZ Polymer-Bundling by the \emph{Escherichia Coli} ZapA Orthologue, YgfE, Involves a Conformational Change in Bound GTP},
   number      = {1},
   pages       = {210--221},
   volume      = {369},
   year        = {2007},
   local-url   = {file://localhost/Volumes/Home/benb/Data/Papers/Journal\%20of\%20Molecular\%20Biology/Journal\%20of\%20Molecular\%20Biology\%202007,\%20369,\%20210-221.pdf},
}


@article{Provencher:81:33,
   author      = {S W Provencher and J Gl{\"o}ckner},
   journal     = {Biochemistry},
   title       = {Estimation of Globular Protein Secondary Structure from Circular Dichroism},
   number      = {1},
   pages       = {33--37},
   volume      = {20},
   year        = {1981},
   local-url   = {file://localhost/Volumes/Home/benb/Data/Papers/Biochemistry/Biochemistry\%201981,\%2020,\%2033-37.pdf},
}


@article{Whitmore:04:W668,
   author      = {Lee Whitmore and Bonnie A Wallace},
   journal     = {Nucleic Acids Res.},
   title       = {DICHROWEB, an Online Server for Protein Secondary Structure Analyses from Circular Dichroism Spectroscopic Data; http://www.cryst.bbk.ac.uk/cdweb},
   pages       = {W668--W673},
   volume      = {32},
   year        = {2004},
   local-url   = {file://localhost/Volumes/Home/benb/Data/Papers/Nucleic\%20Acids\%20Research/Nucleic\%20Acids\%20Research\%202004,\%2032,\%20W668-W673.pdf},
}


@article{Perry:05:20009,
   author      = {John M Perry and Andrew J Moad and N J Begue and Ronald D Wampler},
   journal     = {J. Phys. Chem. B},
   title       = {Electronic and vibrational second-order nonlinear optical properties of protein secondary structural {\ldots}},
   pages       = {20009--20026},
   volume      = {109},
   year        = {2005},
   local-url   = {file://localhost/Volumes/Home/benb/Data/Papers/Journal\%20of\%20Physical\%20Chemistry\%20B/Journal\%20of\%20Physical\%20Chemistry\%20B\%202005,\%20109,\%2020009-20026.pdf},
}


@article{Malmqvist:89:189,
   author      = {Per-{\AA}ke Malmqvist and Bj{\"o}rn O Roos},
   journal     = {Chem. Phys. Lett.},
   title       = {The CAS-SCF state interaction method},
   number      = {2},
   pages       = {189--194},
   volume      = {155},
   year        = {1989},
   local-url   = {file://localhost/Volumes/Home/benb/Data/Papers/Chemical\%20Physics\%20Letters/Chemical\%20Physics\%20Letters\%201989,\%20155,\%20189-194.pdf},
}


